% This file was created with Citavi 6.10.0.0

@proceedings{.,
 title = {Remote sensing for agriculture, ecosystems, and hydrology XIII},
 volume = {8174},
 publisher = {{International Society for Optics and Photonics}}
}


@incollection{.2017,
 title = {2. From Models to Forecasts},
 pages = {11--33},
 publisher = {{Princeton University Press}},
 isbn = {9781400885459},
 editor = {Dietze, Michael C.},
 booktitle = {Ecological Forecasting},
 year = {2017},
 address = {Princeton},
 doi = {10.1515/9781400885459-004}
}


@article{Alasmari.2020,
 author = {Alasmari, Saeed and Wall, Richard},
 year = {2020},
 title = {Determining the total energy budget of the tick Ixodes ricinus},
 pages = {531--541},
 volume = {80},
 number = {4},
 issn = {1572-9702},
 journal = {Experimental and Applied Acarology},
 doi = {10.1007/s10493-020-00479-1}
}


@article{Alkishe.2017,
 author = {Alkishe, Abdelghafar A. and Peterson, A. Townsend and Samy, Abdallah M.},
 year = {2017},
 title = {Climate change influences on the potential geographic distribution of the disease vector tick Ixodes ricinus},
 pages = {e0189092},
 volume = {12},
 number = {12},
 journal = {PloS one},
 doi = {10.1371/journal.pone.0189092}
}


@article{Anderson.2019,
 author = {Anderson, G. Brooke and Barnes, Elizabeth A. and Bell, Michelle L. and Dominici, Francesca},
 year = {2019},
 title = {The Future of Climate Epidemiology: Opportunities for Advancing Health Research in the Context of Climate Change},
 pages = {866--872},
 volume = {188},
 number = {5},
 issn = {0002-9262},
 journal = {American Journal of Epidemiology}
}


@article{Arx.2013,
 author = {von Arx, Georg and {Graf Pannatier}, Elisabeth and Thimonier, Anne and Rebetez, Martine},
 year = {2013},
 title = {Microclimate in forests with varying leaf area index and soil moisture: potential implications for seedling establishment in a changing climate},
 pages = {1201--1213},
 volume = {101},
 number = {5},
 issn = {00220477},
 journal = {Journal of Ecology},
 doi = {10.1111/1365-2745.12121}
}


@article{Ascoli.2017,
 author = {Ascoli, Davide and Maringer, Janet and Hacket-Pain, Andy and Conedera, Marco and Drobyshev, Igor and Motta, Renzo and Cirolli, Mara and Kantorowicz, W{\l}adys{\l}aw and Zang, Christian and Schueler, Silvio and Crois{\'e}, Luc and Piussi, Pietro and Berretti, Roberta and Palaghianu, Ciprian and Westergren, Marjana and Lageard, Jonathan G. A. and Burkart, Anton and {Gehrig Bichsel}, Regula and Thomas, Peter A. and Beudert, Burkhard and {\"O}vergaard, Rolf and Vacchiano, Giorgio},
 year = {2017},
 title = {Two centuries of masting data for European beech and Norway spruce across the European continent},
 pages = {1473},
 volume = {98},
 number = {5},
 issn = {00129658},
 journal = {Ecology},
 doi = {10.1002/ecy.1785}
}


@article{Asghar.2016,
 author = {Asghar, Naveed and Petersson, Mona and Johansson, Magnus and Dinnetz, Patrik},
 year = {2016},
 title = {Local landscape effects on population dynamics of Ixodes ricinus},
 pages = {487},
 volume = {11},
 number = {3},
 journal = {Geospatial health},
 doi = {10.4081/gh.2016.487}
}


@incollection{Barker.2019,
 author = {Barker, Christopher M. and Reisen, William K.},
 title = {Epidemiology of Vector-Borne Diseases},
 pages = {33--49},
 publisher = {{Academic Press an imprint of Elsevier}},
 isbn = {9780128140437},
 editor = {Mullen, Gary Richard and Durden, Lance A.},
 booktitle = {Medical and veterinary entomology},
 year = {2019},
 address = {London and San Diego, CA},
 doi = {10.1016/B978-0-12-814043-7.00004-2}
}


@article{Belli.2017,
 author = {Belli, Alessandro and Sarr, Anouk and Rais, Olivier and Rego, Ryan O. M. and VOORDOUW, MAARTEN J.},
 year = {2017},
 title = {Ticks infected via co-feeding transmission can transmit Lyme borreliosis to vertebrate hosts},
 pages = {5006},
 volume = {7},
 number = {1},
 journal = {Scientific reports},
 doi = {10.1038/s41598-017-05231-1}
}


@incollection{Belozerov.1982,
 author = {BELOZEROV, V. N.},
 title = {Diapause and Biological Rhythms in Ticks},
 pages = {469--500},
 publisher = {{Elsevier Science}},
 isbn = {9780080249377},
 series = {Current themes in tropical science},
 editor = {Obenchain, Frederick D. and Galun, Rachel},
 booktitle = {Physiology of Ticks},
 year = {1982},
 address = {Burlington},
 doi = {10.1016/B978-0-08-024937-7.50018-4}
}


@article{Bisanzio.2008,
 author = {Bisanzio, D. and Amore, G. and Ragagli, C. and Tomassone, L. and Bertolotti, L. and Mannelli, A.},
 year = {2008},
 title = {Temporal Variations in the Usefulness of Normalized Difference Vegetation Index as a Predictor for Ixodes ricinus (Acari: Ixodidae) in a Borrelia lusitaniae Focus in Tuscany, Central Italy},
 pages = {547--555},
 volume = {45},
 number = {3},
 issn = {0022-2585},
 journal = {Journal of Medical Entomology},
 doi = {10.1093/jmedent/45.3.547}
}


@article{Boehnke.2015,
 author = {Boehnke, Denise and Brugger, Katharina and Pf{\"a}ffle, Miriam and Sebastian, Patrick and Norra, Stefan and Petney, Trevor and Oehme, Rainer and Littwin, Nina and Lebl, Karin and Raith, Johannes and Walter, Melanie and Gebhardt, Reiner and Rubel, Franz},
 year = {2015},
 title = {Estimating Ixodes ricinus densities on the landscape scale},
 pages = {23},
 volume = {14},
 number = {1},
 issn = {1476-072X},
 journal = {International Journal of Health Geographics},
 doi = {10.1186/s12942-015-0015-7}
}


@article{Boehnke.2017,
 author = {Boehnke, Denise and Gebhardt, Reiner and Petney, Trevor and Norra, Stefan},
 year = {2017},
 title = {On the complexity of measuring forests microclimate and interpreting its relevance in habitat ecology: the example of Ixodes ricinus ticks},
 pages = {549},
 volume = {10},
 number = {1},
 issn = {1756-3305},
 journal = {Parasites {\&} Vectors},
 doi = {10.1186/s13071-017-2498-5}
}


@phdthesis{Bohnke.2016,
 author = {B{\"o}hnke, Denise Heike},
 year = {2016},
 title = {Habitat ecology and microclimatic influences on the distribution of Ixodes ricinus ticks in Baden-W{\"u}rttemberg},
 school = {{Karlsruher Institut f{\"u}r Technologie (KIT)}},
 doi = {10.5445/IR/1000061789}
}


@book{Bonan.2016,
 author = {Bonan, Gordon B.},
 year = {2016},
 title = {Ecological climatology: Concepts and applications},
 address = {New York},
 edition = {3. ed.},
 publisher = {{Cambridge University Press}},
 isbn = {9781107339200},
 doi = {10.1017/CBO9781107339200}
}


@article{Borde.2021,
 author = {Borde, Johannes P. and Kaier, Klaus and Hehn, Philip and Matzarakis, Andreas and Frey, Stefan and Bestehorn, Malena and Dobler, Gerhard and Chitimia-Dobler, Lidia},
 year = {2021},
 title = {The complex interplay of climate, TBEV vector dynamics and TBEV infection rates in ticks---Monitoring a natural TBEV focus in Germany, 2009--2018},
 pages = {e0244668},
 volume = {16},
 number = {1},
 journal = {PloS one},
 doi = {10.1371/journal.pone.0244668}
}


@article{Bouchard.2019,
 author = {Bouchard, C. and Dibernardo, A. and Koffi, J. and Wood, H. and Leighton, P. A. and Lindsay, L. R.},
 year = {2019},
 title = {N Increased risk of tick-borne diseases with climate and environmental changes},
 url = {https://pubmed.ncbi.nlm.nih.gov/31285697},
 keywords = {Anaplasma phagocytophilum;Anaplasmosis;and Borrelia miyamotoi;Babesia microti;Babesiosis;climate change;Powassan virus;tick-borne disease},
 pages = {83--89},
 volume = {45},
 number = {4},
 issn = {1481-8531},
 journal = {Canada communicable disease report = Releve des maladies transmissibles au Canada},
 doi = {10.14745/ccdr.v45i04a02}
}


@article{Boyard.2007,
 author = {Boyard, Chlo{\'e} and Barnouin, Jacques and Gasqui, Patrick and Vourc'h, G.},
 year = {2007},
 title = {Local environmental factors characterizing Ixodes ricinus nymph abundance in grazed permanent pastures for cattle},
 pages = {987},
 volume = {134},
 number = {7},
 issn = {0031-1820},
 journal = {Parasitology}
}


@article{Boyard.2008,
 author = {Boyard, Chlo{\'e} and Vourc'h, Gwena{\"e}l and Barnouin, Jacques},
 year = {2008},
 title = {The relationships between Ixodes ricinus and small mammal species at the woodland--pasture interface},
 pages = {61--76},
 volume = {44},
 number = {1},
 issn = {0168-8162},
 journal = {Experimental {\&} applied acarology}
}


@article{Bregnard.2020,
 author = {Bregnard, Cindy and Rais, Olivier and Voordouw, Maarten Jeroen},
 year = {2020},
 title = {Climate and tree seed production predict the abundance of the European Lyme disease vector over a 15-year period},
 pages = {408},
 volume = {13},
 number = {1},
 issn = {1756-3305},
 journal = {Parasites {\&} Vectors},
 doi = {10.1186/s13071-020-04291-z}
}


@article{Brownstein.2003,
 author = {Brownstein, John S. and Holford, Theodore R. and Fish, Durland},
 year = {2003},
 title = {A climate-based model predicts the spatial distribution of the Lyme disease vector Ixodes scapularis in the United States},
 pages = {1152--1157},
 volume = {111},
 number = {9},
 journal = {Environmental Health Perspectives},
 doi = {10.1289/ehp.6052}
}


@article{Brownstein.2005,
 author = {Brownstein, John S. and Holford, Theodore R. and Fish, Durland},
 year = {2005},
 title = {Effect of Climate Change on Lyme Disease Risk in North America},
 pages = {38--46},
 volume = {2},
 number = {1},
 issn = {1612-9202},
 journal = {EcoHealth},
 doi = {10.1007/s10393-004-0139-x}
}


@article{Brugger.2009,
 author = {Brugger, Katharina and Rubel, Franz},
 year = {2009},
 title = {Simulation of climate-change scenarios to explain Usutu-virus dynamics in Austria},
 url = {https://www.sciencedirect.com/science/article/pii/S0167587708001475},
 keywords = {Arbovirus;Basic reproduction number;climate change;Epidemic model;Global warming;Infectious disease;Seasons;SIR model;Temperature forcing;Usutu virus;West Nile virus},
 pages = {24--31},
 volume = {88},
 number = {1},
 issn = {0167-5877},
 journal = {Preventive Veterinary Medicine},
 doi = {10.1016/j.prevetmed.2008.06.023}
}


@article{Brugger.2016,
 author = {Brugger, Katharina and Boehnke, Denise and Petney, Trevor and Dobler, Gerhard and Pfeffer, Martin and Silaghi, Cornelia and Schaub, G{\"u}nter A. and Pinior, Beate and Dautel, Hans and Kahl, Olaf and Pfister, Kurt and S{\"u}ss, Jochen and Rubel, Franz},
 year = {2016},
 title = {A Density Map of the Tick-Borne Encephalitis and Lyme Borreliosis Vector Ixodes ricinus (Acari: Ixodidae) for Germany},
 pages = {1292--1302},
 volume = {53},
 number = {6},
 issn = {0022-2585},
 journal = {Journal of Medical Entomology},
 doi = {10.1093/jme/tjw116}
}


@article{Brugger.2017,
 author = {Brugger, Katharina and Walter, Melanie and Chitimia-Dobler, Lidia and Dobler, Gerhard and Rubel, Franz},
 year = {2017},
 title = {Seasonal cycles of the TBE and Lyme borreliosis vector Ixodes ricinus modelled with time-lagged and interval-averaged predictors},
 pages = {439--450},
 volume = {73},
 number = {3},
 issn = {1572-9702},
 journal = {Experimental and Applied Acarology},
 doi = {10.1007/s10493-017-0197-8}
}


@article{Brugger.2018,
 author = {Brugger, Katharina and Walter, Melanie and Chitimia-Dobler, Lidia and Dobler, Gerhard and Rubel, Franz},
 year = {2018},
 title = {Forecasting next season's Ixodes ricinus nymphal density: the example of southern Germany 2018},
 pages = {281--288},
 volume = {75},
 number = {3},
 issn = {1572-9702},
 journal = {Experimental and Applied Acarology},
 doi = {10.1007/s10493-018-0267-6}
}


@article{Buczek.2020,
 author = {Buczek, Alicja M. and Buczek, Weronika and Buczek, Alicja and Bartosik, Katarzyna},
 year = {2020},
 title = {The Potential Role of Migratory Birds in the Rapid Spread of Ticks and Tick-Borne Pathogens in the Changing Climatic and Environmental Conditions in Europe},
 volume = {17},
 number = {6},
 journal = {International journal of environmental research and public health},
 doi = {10.3390/ijerph17062117}
}


@misc{Bundestag.2017,
 author = {Bundestag},
 date = {2017},
 title = {Lyme-Borreliose und Wiederk{\"a}uer},
 editor = {{Deutscher Bundestag}}
}


@article{Caminade.2019,
 author = {Caminade, Cyril and McIntyre, K. Marie and Jones, Anne E.},
 year = {2019},
 title = {Impact of recent and future climate change on vector-borne diseases},
 pages = {157--173},
 volume = {1436},
 number = {1},
 issn = {00778923},
 journal = {Annals of the New York Academy of Sciences},
 doi = {10.1111/nyas.13950}
}


@article{Carlson.2014,
 author = {Carlson, Stephanie M. and Cunningham, Curry J. and Westley, Peter A.H.},
 year = {2014},
 title = {Evolutionary rescue in a changing world},
 url = {https://www.sciencedirect.com/science/article/pii/S0169534714001372},
 pages = {521--530},
 volume = {29},
 number = {9},
 issn = {0169-5347},
 journal = {Trends in Ecology {\&} Evolution},
 doi = {10.1016/j.tree.2014.06.005}
}


@article{Cayol.2017,
 author = {Cayol, Claire and Koskela, Esa and Mappes, Tapio and Siukkola, Anja and Kallio, Eva R.},
 year = {2017},
 title = {Temporal dynamics of the tick Ixodes ricinus in northern Europe: epidemiological implications},
 pages = {166},
 volume = {10},
 number = {1},
 issn = {1756-3305},
 journal = {Parasites {\&} Vectors},
 doi = {10.1186/s13071-017-2112-x}
}


@article{Chen.1999,
 author = {Chen, Jiquan and Saunders, Sari C. and Crow, Thomas R. and Naiman, Robert J. and Brosofske, Kimberley D. and Mroz, Glenn D. and Brookshire, Brian L. and Franklin, Jerry F.},
 year = {1999},
 title = {Microclimate in Forest Ecosystem and Landscape Ecology: Variations in local climate can be used to monitor and compare the effects of different management regimes},
 pages = {288--297},
 volume = {49},
 number = {4},
 issn = {00063568},
 journal = {BioScience},
 doi = {10.2307/1313612}
}


@article{Cisak.2006,
 author = {Cisak, Ewa and W{\'o}jcik-Fatla, Angelina and Stojek, Nimfa and Chmielewska-Badora, Jolanta and Zwoli{\'n}ski, Jacek and Buczek, Alicja and Dutkiewicz, Jacek},
 year = {2006},
 title = {Prevalence of Borrelia burgdorferi genospecies in Ixodes ricinus ticks from Lublin region (eastern Poland)},
 pages = {301--306},
 volume = {13},
 number = {2},
 issn = {1232-1966},
 journal = {Annals of agricultural and environmental medicine : AAEM}
}


@article{Clement.2009,
 author = {Clement, Jan and Vercauteren, Jurgen and Verstraeten, Willem W. and Ducoffre, Genevi{\`e}ve and Barrios, Jos{\'e} M. and Vandamme, Anne-Mieke and Maes, Piet and {van Ranst}, Marc},
 year = {2009},
 title = {Relating increasing hantavirus incidences to the changing climate: the mast connection},
 pages = {1},
 volume = {8},
 issn = {1476-072X},
 journal = {International Journal of Health Geographics},
 doi = {10.1186/1476-072X-8-1}
}


@article{Costa.2009,
 author = {Costa, Ana and Soares, A.},
 year = {2009},
 title = {Homogenization of Climate Data: Review and New Perspectives Using Geostatistics},
 pages = {291--305},
 volume = {41},
 journal = {Mathematical Geosciences},
 doi = {10.1007/s11004-008-9203-3}
}


@article{Crippa.2002,
 author = {Crippa, Mara and Rais, Olivier and Gern, Lise},
 year = {2002},
 title = {Investigations on the mode and dynamics of transmission and infectivity of Borrelia burgdorferi sensu stricto and Borrelia afzelii in Ixodes ricinus ticks},
 pages = {3--9},
 volume = {2},
 number = {1},
 issn = {1530-3667},
 journal = {Vector-Borne and Zoonotic Diseases},
 doi = {10.1089/153036602760260724}
}


@article{Daniel.1998,
 author = {Daniel, M. and Kol{\'a}r, J. and Zeman, P. and Pavelka, K. and S{\'a}dlo, J.},
 year = {1998},
 title = {Predictive map of Ixodes ricinus high-incidence habitats and a tick-borne encephalitis risk assessment using satellite data},
 pages = {417--433},
 volume = {22},
 number = {7},
 issn = {0168-8162},
 journal = {Experimental {\&} applied acarology},
 doi = {10.1023/a:1006030827216}
}


@article{Daniel.2015,
 author = {Daniel, Milan and Mal{\'y}, Marek and Danielov{\'a}, Vlasta and K{\v{r}}{\'i}{\v{z}}, Bohum{\'i}r and Nuttall, Patricia},
 year = {2015},
 title = {Abiotic predictors and annual seasonal dynamics of Ixodes ricinus, the major disease vector of Central Europe},
 pages = {478},
 volume = {8},
 issn = {1756-3305},
 journal = {Parasites {\&} Vectors},
 doi = {10.1186/s13071-015-1092-y}
}


@article{Danielova.2006,
 author = {Danielov{\'a}, Vlasta and Rudenko, Natalia and Daniel, Milan and Holubov{\'a}, Jaroslava and Materna, Jan and Golovchenko, Maryna and Schwarzov{\'a}, Lucie},
 year = {2006},
 title = {Extension of Ixodes ricinus ticks and agents of tick-borne diseases to mountain areas in the Czech Republic},
 url = {http://www.sciencedirect.com/science/article/pii/S1438422106000865},
 keywords = {Epidemiological impact;genospecies;Lyme borreliosis;Mountain areas;Tick-borne encephalitis},
 pages = {48--53},
 volume = {296},
 issn = {1438-4221},
 journal = {International Journal of Medical Microbiology},
 doi = {10.1016/j.ijmm.2006.02.007}
}


@article{Danielova.2010,
 author = {Danielov{\'a}, Vlasta and Daniel, Milan and Schwarzov{\'a}, Lucie and Materna, Jan and Rudenko, Natalia and Golovchenko, Marina and Holubov{\'a}, Jaroslava and Grubhoffer, Libor and Kili{\'a}n, Patrik},
 year = {2010},
 title = {Integration of a Tick-Borne Encephalitis Virus and Borrelia burgdorferi sensu lato into Mountain Ecosystems, Following a Shift in the Altitudinal Limit of Distribution of Their Vector, Ixodes ricinus (Krkono{\v{s}}e Mountains, Czech Republic)},
 pages = {223--230},
 volume = {10},
 number = {3},
 issn = {1530-3667},
 journal = {Vector-Borne and Zoonotic Diseases}
}


@article{Dautel.1997,
 author = {Dautel, H. and Kn{\"u}lle, W.},
 year = {1997},
 title = {Cold hardiness, supercooling ability and causes of low-temperature mortality in the soft tick, Argas reflexus, and the hard tick, Ixodes ricinus (Acari: Ixodoidea) from Central Europe},
 url = {http://www.sciencedirect.com/science/article/pii/S0022191097000255},
 keywords = {cold hardiness;dehydration;freezing;supercooling;ticks},
 pages = {843--854},
 volume = {43},
 number = {9},
 issn = {0022-1910},
 journal = {Journal of Insect Physiology},
 doi = {10.1016/S0022-1910(97)00025-5}
}


@article{Dautel.2008,
 author = {Dautel, Hans and Dippel, Cornelia and K{\"a}mmer, Daniel and Werkhausen, Anita and Kahl, Olaf},
 year = {2008},
 title = {Winter activity of Ixodes ricinus in a Berlin forest},
 url = {http://www.sciencedirect.com/science/article/pii/S1438422108000295},
 pages = {50--54},
 volume = {298},
 issn = {1438-4221},
 journal = {International Journal of Medical Microbiology},
 doi = {10.1016/j.ijmm.2008.01.010}
}


@book{Dautel.2010,
 author = {Dautel, Hans},
 year = {2010},
 title = {Zecken und Temperatur},
 publisher = {na}
}


@article{Dautel.2016,
 author = {Dautel, Hans and K{\"a}mmer, Daniel and Kahl, Olaf},
 year = {2016},
 title = {How an extreme weather spell in winter can influence vector tick abundance and tick-borne disease incidence},
 pages = {335},
 volume = {4},
 issn = {90868683},
 journal = {Ecology and prevention of Lyme borreliosis}
}


@article{DaviesColley.2000,
 author = {Davies-Colley, R. J. and Payne, G. W. and {van Elswijk}, M.},
 year = {2000},
 title = {Microclimate gradients across a forest edge},
 url = {http://www.jstor.org/stable/24054666},
 pages = {111--121},
 volume = {24},
 number = {2},
 issn = {01106465},
 journal = {New Zealand Journal of Ecology}
}


@book{Dietze.2017,
 year = {2017},
 title = {Ecological Forecasting},
 address = {Princeton},
 publisher = {{Princeton University Press}},
 isbn = {9781400885459},
 editor = {Dietze, Michael C.},
 doi = {10.1515/9781400885459}
}


@book{Dobler.2020,
 author = {Dobler, Gerhard and Erber, Wilhelm and Br{\"o}ker, Michael and Schmitt, Heinz-Josef},
 year = {2020},
 title = {The TBE book},
 publisher = {{Global Health Press Pte Ltd}}
}


@article{Dobson.2009,
 author = {Dobson, Andy},
 year = {2009},
 title = {Climate variability, global change, immunity, and the dynamics of infectious diseases},
 pages = {920--927},
 volume = {90},
 number = {4},
 issn = {00129658},
 journal = {Ecology},
 doi = {10.1890/08-0736.1}
}


@article{Dobson.2011,
 author = {Dobson, Andrew D. M. and Finnie, Thomas J. R. and Randolph, Sarah E.},
 year = {2011},
 title = {A modified matrix model to describe the seasonal population ecology of the European tick Ixodes ricinus},
 keywords = {climate dependence;Ecology;Ixodes ricinus;population model;public health risk;seasonal dynamics;Tick;vector-borne disease},
 pages = {1017--1028},
 volume = {48},
 number = {4},
 issn = {0021-8901},
 journal = {Journal of Applied Ecology},
 doi = {10.1111/j.1365-2664.2011.02003.x}
}


@article{Dobson.2011b,
 author = {Dobson, Andrew D. M. and Randolph, Sarah E.},
 year = {2011},
 title = {Modelling the effects of recent changes in climate, host density and acaricide treatments on population dynamics of Ixodes ricinus in the UK},
 keywords = {climate change;deer density;geographical variation;Ixodes ricinus;population model;Tick;tick control},
 pages = {1029--1037},
 volume = {48},
 number = {4},
 issn = {0021-8901},
 journal = {Journal of Applied Ecology},
 doi = {10.1111/j.1365-2664.2011.02004.x}
}


@article{Dobson.2011c,
 author = {Dobson, Andrew D.M. and Taylor, Jennifer L. and Randolph, Sarah E.},
 year = {2011},
 title = {Tick (Ixodes ricinus) abundance and seasonality at recreational sites in the UK: Hazards in relation to fine-scale habitat types revealed by complementary sampling methods},
 url = {https://www.sciencedirect.com/science/article/pii/S1877959X11000240},
 keywords = {Habitat type;Recreation;Sampling method;Tick-borne disease hazard},
 pages = {67--74},
 volume = {2},
 number = {2},
 issn = {1877-959X},
 journal = {Ticks and Tick-borne Diseases},
 doi = {10.1016/j.ttbdis.2011.03.002}
}


@article{DOdorico.2013,
 author = {D'Odorico, Paolo and He, Yufei and Collins, Scott and de Wekker, Stephan F. J. and Engel, Vic and Fuentes, Jose D.},
 year = {2013},
 title = {Vegetation--microclimate feedbacks in woodland--grassland ecotones},
 keywords = {Alternative stable states;ecosystem engineering;mangrove-marsh transition;shrub encroachment;tree line;vegetation-microclimate feedback;woodland-grassland ecotone},
 pages = {364--379},
 volume = {22},
 number = {4},
 issn = {1466-822X},
 journal = {Global Ecology and Biogeography},
 doi = {10.1111/geb.12000}
}


@article{Dumic.2018,
 author = {Dumic, Igor and Severnini, Edson and {Di Carlo}, Paola},
 year = {2018},
 title = {``Ticking Bomb'': The Impact of Climate Change on the Incidence of Lyme Disease},
 pages = {5719081},
 volume = {2018},
 issn = {1712-9532},
 journal = {Canadian Journal of Infectious Diseases and Medical Microbiology},
 doi = {10.1155/2018/5719081}
}


@article{Egyed.2012,
 author = {Egyed, L{\'a}szl{\'o} and Elő, P{\'e}ter and Sr{\'e}ter-Lancz, Zsuzsanna and Sz{\'e}ll, Zolt{\'a}n and Balogh, Zsuzsanna and Sr{\'e}ter, Tam{\'a}s},
 year = {2012},
 title = {Seasonal activity and tick-borne pathogen infection rates of Ixodes ricinus ticks in Hungary},
 pages = {90--94},
 volume = {3},
 number = {2},
 issn = {1877-959X},
 journal = {Ticks and Tick-borne Diseases},
 doi = {10.1016/j.ttbdis.2012.01.002}
}


@article{Ehrmann.2017,
 author = {Ehrmann, Steffen and Liira, Jaan and G{\"a}rtner, Stefanie and Hansen, Karin and Brunet, J{\"o}rg and Cousins, Sara A. O. and Deconchat, Marc and Decocq, Guillaume and de Frenne, Pieter and de Smedt, Pallieter and Diekmann, Martin and Gallet-Moron, Emilie and Kolb, Annette and Lenoir, Jonathan and Lindgren, Jessica and Naaf, Tobias and Paal, Taavi and Vald{\'e}s, Alicia and Verheyen, Kris and Wulf, Monika and Scherer-Lorenzen, Michael},
 year = {2017},
 title = {Environmental drivers of Ixodes ricinus abundance in forest fragments of rural European landscapes},
 pages = {31},
 volume = {17},
 number = {1},
 journal = {BMC ecology},
 doi = {10.1186/s12898-017-0141-0}
}


@article{Ehrmann.2018,
 author = {Ehrmann, Steffen and Ruyts, Sanne C. and Scherer-Lorenzen, Michael and Bauhus, J{\"u}rgen and Brunet, J{\"o}rg and Cousins, Sara A. O. and Deconchat, Marc and Decocq, Guillaume and de Frenne, Pieter and de Smedt, Pallieter and Diekmann, Martin and Gallet-Moron, Emilie and G{\"a}rtner, Stefanie and Hansen, Karin and Kolb, Annette and Lenoir, Jonathan and Lindgren, Jessica and Naaf, Tobias and Paal, Taavi and Panning, Marcus and Prinz, Maren and Vald{\'e}s, Alicia and Verheyen, Kris and Wulf, Monika and Liira, Jaan},
 year = {2018},
 title = {Habitat properties are key drivers of Borrelia burgdorferi (s.l.) prevalence in Ixodes ricinus populations of deciduous forest fragments},
 pages = {23},
 volume = {11},
 number = {1},
 issn = {1756-3305},
 journal = {Parasites {\&} Vectors},
 doi = {10.1186/s13071-017-2590-x}
}


@article{Eis.2011,
 author = {Eis, Dieter and Helm, Dieter and Lau{\ss}mann, Detlef and Stark, Klaus},
 year = {2011},
 title = {Klimawandel und Gesundheit-Ein Sachstandsbericht}
}


@article{Enkelmann.2018,
 author = {Enkelmann, Julia and B{\"o}hmer, Merle and Fingerle, Volker and Siffczyk, Claudia and Werber, Dirk and Littmann, Martina and Merbecks, Sophie-Susann and Helmeke, Carina and Schroeder, Sabine and Hell, Stefan and Schlotthauer, Uwe and Burckhardt, Florian and Stark, Klaus and Schielke, Anika and Wilking, Hendrik},
 year = {2018},
 title = {Incidence of notified Lyme borreliosis in Germany, 2013--2017},
 pages = {14976},
 volume = {8},
 number = {1},
 journal = {Scientific reports},
 doi = {10.1038/s41598-018-33136-0}
}


@article{Estradapena.1999,
 author = {Estrada-pe{\~n}a, August{\'i}n},
 year = {1999},
 title = {Geostatistics as Predictive Tools to Estimate Ixodes ricinus (Acari: Ixodidae) Habitat Suitability in the Western Palearctic From AVHRR Satellite Imagery},
 pages = {337--349},
 volume = {23},
 number = {4},
 issn = {1572-9702},
 journal = {Experimental and Applied Acarology},
 doi = {10.1023/A:1006179318393}
}


@article{EstradaPenA.2001,
 author = {Estrada-Pe{\~n}A, Agustin},
 year = {2001},
 title = {Distribution, Abundance, and Habitat Preferences of Ixodes ricinus (Acari: Ixodidae) in Northern Spain},
 pages = {361--370},
 volume = {38},
 number = {3},
 issn = {0022-2585},
 journal = {Journal of Medical Entomology},
 doi = {10.1603/0022-2585-38.3.361}
}


@article{EstradaPena.2003,
 author = {Estrada-Pe{\~n}A, Agustin},
 year = {2003},
 title = {The relationships between habitat topology, critical scales of connectivity and tick abundance Ixodes ricinus in a heterogeneous landscape in northern Spain},
 pages = {661--671},
 volume = {26},
 number = {5},
 issn = {0906-7590},
 journal = {Ecography},
 doi = {10.1034/j.1600-0587.2003.03530.x}
}


@article{EstradaPena.2006,
 author = {Estrada-Pe{\~n}a, Agust{\'i}n and Venzal, Jos{\'e} M.},
 year = {2006},
 title = {Changes in Habitat Suitability for the Tick Ixodes ricinus (Acari: Ixodidae) in Europe (1900--1999)},
 pages = {154--162},
 volume = {3},
 number = {3},
 issn = {1612-9202},
 journal = {EcoHealth},
 doi = {10.1007/s10393-006-0036-6}
}


@article{EstradaPena.2006b,
 author = {Estrada-Pe{\~n}a, A. and VENZAL, J. M. and {S{\'A}NCHEZ ACEDO}, C.},
 year = {2006},
 title = {The tick Ixodes ricinus: distribution and climate preferences in the western Palaearctic},
 keywords = {clades;habitat suitability modelling;Ixodes ricinus;normalized difference vegetation index-derived ecoregions},
 pages = {189--197},
 volume = {20},
 number = {2},
 issn = {0269-283X},
 journal = {Medical and Veterinary Entomology},
 doi = {10.1111/j.1365-2915.2006.00622.x}
}


@article{EstradaPena.2012,
 author = {Estrada-Pe{\~n}a, Agust{\'i}n and Ayll{\'o}n, Nieves and de {La Fuente}, Jos{\'e}},
 year = {2012},
 title = {Impact of climate trends on tick-borne pathogen transmission},
 pages = {64},
 volume = {3},
 journal = {Frontiers in physiology},
 doi = {10.3389/fphys.2012.00064}
}


@article{EstradaPena.2013,
 author = {Estrada-Pe{\~n}a, Agust{\'i}n and Gray, Jeremy and Kahl, Olaf and Lane, Robert and Nijhoff, Ard},
 year = {2013},
 title = {Research on the ecology of ticks and tick-borne pathogens---methodological principles and caveats},
 url = {https://www.frontiersin.org/article/10.3389/fcimb.2013.00029},
 pages = {29},
 volume = {3},
 issn = {2235-2988},
 journal = {Frontiers in Cellular and Infection Microbiology},
 doi = {10.3389/fcimb.2013.00029}
}


@article{EstradaPena.2015,
 author = {Estrada-Pe{\~n}a, A. and Estrada-S{\'a}nchez, A. and Estrada-S{\'a}nchez, D.},
 year = {2015},
 title = {Methodological caveats in the environmental modelling and projections of climate niche for ticks, with examples for Ixodes ricinus (Ixodidae)},
 url = {http://www.sciencedirect.com/science/article/pii/S0304401714006505},
 keywords = {Correlative models;Methodological gaps},
 pages = {14--25},
 volume = {208},
 number = {1},
 issn = {0304-4017},
 journal = {Veterinary Parasitology},
 doi = {10.1016/j.vetpar.2014.12.016}
}


@article{EstradaPena.2018,
 author = {Estrada-Pe{\~n}a, Agust{\'i}n and Cutler, Sally and Potkonjak, Aleksandar and Vassier-Tussaut, Muriel and {van Bortel}, Wim and Zeller, Herv{\'e} and Fern{\'a}ndez-Ruiz, Natalia and Mihalca, Andrei Daniel},
 year = {2018},
 title = {An updated meta-analysis of the distribution and prevalence of Borrelia burgdorferi s.l. in ticks in Europe},
 pages = {41},
 volume = {17},
 number = {1},
 issn = {1476-072X},
 journal = {International Journal of Health Geographics},
 doi = {10.1186/s12942-018-0163-7}
}


@article{EstradaPenA.2020,
 author = {Estrada-Pe{\~n}A, Agustin and Fern{\'a}ndez-Ruiz, Natalia},
 year = {2020},
 title = {A Retrospective Assessment of Temperature Trends in Northern Europe Reveals a Deep Impact on the Life Cycle of Ixodes ricinus (Acari: Ixodidae)},
 volume = {9},
 number = {5},
 issn = {2076-0817},
 journal = {Pathogens (Basel, Switzerland)},
 doi = {10.3390/pathogens9050345}
}


@article{FernandezRuiz.2020,
 author = {Fern{\'a}ndez-Ruiz, Natalia and Estrada-Pe{\~n}A, Agustin},
 year = {2020},
 title = {Could climate trends disrupt the contact rates between Ixodes ricinus (Acari, Ixodidae) and the reservoirs of Borrelia burgdorferi s.l.?},
 pages = {e0233771},
 volume = {15},
 number = {5},
 journal = {PloS one},
 doi = {10.1371/journal.pone.0233771}
}


@book{Ferrell.2018,
 author = {Ferrell, A. M. and Brinkerhoff, R. J.},
 year = {2018},
 title = {Using Landscape Analysis to Test Hypotheses about Drivers of Tick Abundance and Infection Prevalence with Borrelia burgdorferi},
 volume = {15},
 isbn = {1660-4601},
 series = {International Journal of Environmental Research and Public Health},
 doi = {10.3390/ijerph15040737}
}


@article{GarciaMarti.2017,
 author = {Garcia-Mart{\'i}, Irene and Zurita-Milla, Ra{\'u}l and {van Vliet}, Arnold J. H. and Takken, Willem},
 year = {2017},
 title = {Modelling and mapping tick dynamics using volunteered observations},
 pages = {41},
 volume = {16},
 number = {1},
 issn = {1476-072X},
 journal = {International Journal of Health Geographics},
 doi = {10.1186/s12942-017-0114-8}
}


@article{Gardiner.1981,
 author = {Gardiner, W. P. and Gettinby, G. and Gray, J. S.},
 year = {1981},
 title = {Models based on weather for the development phases of the sheep tick, ixodes ricinus L},
 pages = {75--86},
 volume = {9},
 number = {1},
 issn = {0304-4017},
 journal = {Veterinary Parasitology},
 doi = {10.1016/0304-4017(81)90009-1}
}


@article{Gassner.2011,
 author = {Gassner, Fedor and {van Vliet}, Arnold J. H. and Burgers, Saskia L. G. E. and Jacobs, Frans and Verbaarschot, Patrick and Hovius, Emiel K. E. and Mulder, Sara and Verhulst, Niels O. and {van Overbeek}, Leo S. and Takken, Willem},
 year = {2011},
 title = {Geographic and temporal variations in population dynamics of Ixodes ricinus and associated Borrelia infections in The Netherlands},
 pages = {523--532},
 volume = {11},
 number = {5},
 journal = {Vector borne and zoonotic diseases (Larchmont, N.Y.)},
 doi = {10.1089/vbz.2010.0026}
}


@book{Geiger.1995,
 author = {Geiger, Rudolf and Aron, Robert H. and Todhunter, Paul},
 year = {1995},
 title = {The Climate Near the Ground},
 address = {Wiesbaden},
 edition = {Fifth Edition},
 publisher = {{Vieweg+Teubner Verlag}},
 isbn = {9783322865823},
 doi = {10.1007/978-3-322-86582-3}
}


@misc{GermanWeatherService.2021,
 author = {{German Weather Service}},
 year = {2021},
 title = {Climate data Germany},
 url = {https://www.dwd.de/DE/leistungen/klimadatendeutschland/klimadatendeutschland.html},
 urldate = {04.06.2021}
}


@article{Gern.1996,
 author = {Gern, Lise and Rais, Olivier},
 year = {1996},
 title = {Efficient Transmission of Borrelia burgdorferi Between Cofeeding Ixodes ricinus Ticks (Acari: Ixodidae)},
 pages = {189--192},
 volume = {33},
 number = {1},
 issn = {0022-2585},
 journal = {Journal of Medical Entomology},
 doi = {10.1093/jmedent/33.1.189}
}


@article{Gern.1996b,
 author = {Gern, L. and Lebet, N. and Moret, J.},
 year = {1996},
 title = {Dynamics of Borrelia burgdorferi infection in nymphal Ixodes ricinus ticks during feeding},
 pages = {649--658},
 volume = {20},
 number = {11},
 issn = {0168-8162},
 journal = {Experimental {\&} applied acarology},
 doi = {10.1007/BF00053328}
}


@article{Gern.2005,
 author = {Gern},
 year = {2005},
 title = {Die Biologie der Ixodes ricinus Zecke},
 pages = {707--712},
 volume = {62},
 number = {11},
 issn = {0040-5930},
 journal = {Therapeutische Umschau},
 doi = {10.1024/0040-5930.62.11.707}
}


@article{Gethmann.2020,
 author = {Gethmann, J{\"o}rn and Hoffmann, Bernd and Kasbohm, Elisa and S{\"u}ss, Jochen and Habedank, Birgit and Conraths, Franz J. and Beer, Martin and Klaus, Christine},
 year = {2020},
 title = {Research paper on abiotic factors and their influence on Ixodes ricinus activity---observations over a two-year period at several tick collection sites in Germany},
 pages = {1455--1466},
 volume = {119},
 number = {5},
 issn = {1432-1955},
 journal = {Parasitology Research},
 doi = {10.1007/s00436-020-06666-8}
}


@article{Gilbert.2014,
 author = {Gilbert, Lucy and Aungier, Jennifer and Tomkins, Joseph L.},
 year = {2014},
 title = {Climate of origin affects tick (Ixodes ricinus) host-seeking behavior in response to temperature: implications for resilience to climate change?},
 pages = {1186--1198},
 volume = {4},
 number = {7},
 issn = {2045-7758},
 journal = {Ecology and evolution},
 doi = {10.1002/ece3.1014}
}


@article{Goldstein.2018,
 author = {Goldstein, Val{\'e}rie and Boulanger, Nathalie and Schwartz, Dominique and George, Jean-Claude and Ertlen, Damien and Zilliox, Laurence and Schaeffer, Micka{\"e}l and Jaulhac, Beno{\^i}t},
 year = {2018},
 title = {Factors responsible for Ixodes ricinus nymph abundance: Are soil features indicators of tick abundance in a French region where Lyme borreliosis is endemic?},
 pages = {938--944},
 volume = {9},
 number = {4},
 issn = {1877-959X},
 journal = {Ticks and Tick-borne Diseases},
 doi = {10.1016/j.ttbdis.2018.03.013}
}


@article{Gray.1987,
 author = {Gray, J. S.},
 year = {1987},
 title = {Mating and behavioural diapause in Ixodes ricinus L.},
 pages = {61--71},
 volume = {3},
 number = {1},
 issn = {0168-8162},
 journal = {Experimental {\&} applied acarology},
 doi = {10.1007/BF01200414}
}


@article{Gray.1991,
 author = {Gray, J. S.},
 year = {1991},
 title = {The development and seasonal activity of the tick Ixodes ricinus: a vector of Lyme borreliosis},
 pages = {323--333},
 volume = {79},
 number = {6},
 issn = {0957-6770},
 journal = {Review of Medical and Veterinary Entomology}
}


@article{Gray.2002,
 author = {Gray, Jeremy S.},
 year = {2002},
 title = {Biology of Ixodes species ticks in relation to tick-borne zoonoses},
 pages = {473--478},
 volume = {114},
 number = {13-14},
 issn = {1613-7671},
 journal = {Wiener klinische Wochenschrift}
}


@article{Gray.2008,
 author = {Gray, Jeremy S.},
 year = {2008},
 title = {Ixodes ricinus seasonal activity: Implications of global warming indicated by revisiting tick and weather data},
 pages = {19--24},
 volume = {298},
 issn = {1438-4221},
 journal = {International Journal of Medical Microbiology},
 doi = {10.1016/j.ijmm.2007.09.005}
}


@article{Gray.2009,
 author = {Gray, J. S. and Dautel, H. and Estrada-Pe{\~n}a, A. and Kahl, O. and Lindgren, E. and Fries, Bettina},
 year = {2009},
 title = {Effects of Climate Change on Ticks and Tick-Borne Diseases in Europe},
 pages = {593232},
 volume = {2009},
 issn = {1687-708X},
 journal = {Interdisciplinary Perspectives on Infectious Diseases},
 doi = {10.1155/2009/593232}
}


@article{Gray.2016,
 author = {Gray, Jeremy S. and Kahl, Olaf and Lane, Robert S. and Levin, Michael L. and Tsao, Jean I.},
 year = {2016},
 title = {Diapause in ticks of the medically important Ixodes ricinus species complex},
 url = {http://www.sciencedirect.com/science/article/pii/S1877959X16300796},
 keywords = {Diapause;Ecology;Ixodes;Life cycles;Quiescence},
 pages = {992--1003},
 volume = {7},
 number = {5},
 issn = {1877-959X},
 journal = {Ticks and Tick-borne Diseases},
 doi = {10.1016/j.ttbdis.2016.05.006}
}


@article{Gray.2021,
 author = {Gray, Jeremy and Kahl, Olaf and Zintl, Annetta},
 year = {2021},
 title = {What do we still need to know about Ixodes ricinus?},
 url = {https://www.sciencedirect.com/science/article/pii/S1877959X21000352},
 keywords = {Biodiversity;Genetic variation;Microbiome;Migratory birds;Water balance},
 pages = {101682},
 volume = {12},
 number = {3},
 issn = {1877-959X},
 journal = {Ticks and Tick-borne Diseases},
 doi = {10.1016/j.ttbdis.2021.101682}
}


@article{Greenfield.2011,
 author = {Greenfield, B. P. J.},
 year = {2011},
 title = {Environmental parameters affecting tick (Ixodes ricinus) distribution during the summer season in Richmond Park, London},
 pages = {140--148},
 volume = {4},
 number = {2},
 journal = {Bioscience Horizons},
 doi = {10.1093/biohorizons/hzr016}
}


@article{Grimm.2006,
 author = {Grimm, Volker and Berger, Uta and Bastiansen, Finn and Eliassen, Sigrunn and Ginot, Vincent and Giske, Jarl and Goss-Custard, John and Grand, Tamara and Heinz, Simone K. and Huse, Geir},
 year = {2006},
 title = {A standard protocol for describing individual-based and agent-based models},
 pages = {115--126},
 volume = {198},
 number = {1-2},
 issn = {0304-3800},
 journal = {Ecological Modelling}
}


@article{Grimm.2010,
 author = {Grimm, Volker and Berger, Uta and DeAngelis, Donald L. and Polhill, J. Gary and Giske, Jarl and Railsback, Steven F.},
 year = {2010},
 title = {The ODD protocol: A review and first update},
 pages = {2760--2768},
 volume = {221},
 number = {23},
 issn = {0304-3800},
 journal = {Ecological Modelling},
 doi = {10.1016/j.ecolmodel.2010.08.019}
}


@article{Grimm.2014,
 author = {Grimm, Volker and Augusiak, Jacqueline and Focks, Andreas and Frank, B{\'e}atrice M. and Gabsi, Faten and Johnston, Alice S. A. and Liu, Chun and Martin, Benjamin T. and Meli, Mattia and Radchuk, Viktoriia},
 year = {2014},
 title = {Towards better modelling and decision support: documenting model development, testing, and analysis using TRACE},
 pages = {129--139},
 volume = {280},
 issn = {0304-3800},
 journal = {Ecological Modelling}
}


@article{Grimm.2020,
 author = {Grimm, Volker and Railsback, Steven F. and Vincenot, Christian E. and Berger, Uta and Gallagher, Cara and DeAngelis, Donald L. and Edmonds, Bruce and Ge, Jiaqi and Giske, Jarl and Groeneveld, Juergen},
 year = {2020},
 title = {The ODD protocol for describing agent-based and other simulation models: A second update to improve clarity, replication, and structural realism},
 volume = {23},
 number = {2},
 issn = {1460-7425},
 journal = {Journal of Artificial Societies and Social Simulation}
}


@article{Grochowska.2020,
 author = {Grochowska, Anna and Milewski, Robert and Pancewicz, S{\l}awomir and Dunaj, Justyna and Czupryna, Piotr and Milewska, Anna Justyna and R{\'o}g-Makal, Magdalena and Grygorczuk, Sambor and Moniuszko-Malinowska, Anna},
 year = {2020},
 title = {Comparison of tick-borne pathogen prevalence in Ixodes ricinus ticks collected in urban areas of Europe},
 pages = {6975},
 volume = {10},
 number = {1},
 journal = {Scientific reports},
 doi = {10.1038/s41598-020-63883-y}
}


@article{Guis.2012,
 author = {Guis, Helene and Caminade, Cyril and Calvete, Carlos and Morse, Andrew P. and Tran, Annelise and Baylis, Matthew},
 year = {2012},
 title = {Modelling the effects of past and future climate on the risk of bluetongue emergence in Europe},
 pages = {339--350},
 volume = {9},
 number = {67},
 journal = {Journal of The Royal Society Interface},
 doi = {10.1098/rsif.2011.0255}
}


@article{Guisan.2000,
 author = {Guisan, Antoine and Zimmermann, Niklaus E.},
 year = {2000},
 title = {Predictive habitat distribution models in ecology},
 pages = {147--186},
 volume = {135},
 number = {2-3},
 issn = {0304-3800},
 journal = {Ecological Modelling},
 doi = {10.1016/S0304-3800(00)00354-9}
}


@article{Halos.2010,
 author = {Halos, L{\'e}na{\"i}g and Bord, S{\'e}verine and Cott{\'e}, Violaine and Gasqui, Patrick and Abrial, David and Barnouin, Jacques and Boulouis, Henri-Jean and Vayssier-Taussat, Muriel and Vourc'h, Gwena{\"e}l},
 year = {2010},
 title = {Ecological factors characterizing the prevalence of bacterial tick-borne pathogens in Ixodes ricinus ticks in pastures and woodlands},
 pages = {4413--4420},
 volume = {76},
 number = {13},
 journal = {Applied and environmental microbiology},
 doi = {10.1128/AEM.00610-10}
}


@article{Halsey.2020,
 author = {Halsey, Samniqueka J. and Miller, James R.},
 year = {2020},
 title = {Maintenance of Borrelia burgdorferi among vertebrate hosts: a test of dilution effect mechanisms},
 volume = {11},
 number = {2},
 issn = {2150-8925},
 journal = {Ecosphere},
 doi = {10.1002/ecs2.3048}
}


@article{Hancock.2011,
 author = {Hancock, Penelope A. and Brackley, Robert and Palmer, Stephen C.F.},
 year = {2011},
 title = {Modelling the effect of temperature variation on the seasonal dynamics of Ixodes ricinus tick populations},
 url = {http://www.sciencedirect.com/science/article/pii/S0020751911000282},
 keywords = {Age-structured model;Global warming;Population Dynamics;Temperature-dependent development;Tick;vector-borne disease},
 pages = {513--522},
 volume = {41},
 number = {5},
 issn = {0020-7519},
 journal = {International Journal for Parasitology},
 doi = {10.1016/j.ijpara.2010.12.012}
}


@article{Hanski.1994,
 author = {Hanski, Ilkka},
 year = {1994},
 title = {Patch-occupancy dynamics in fragmented landscapes},
 url = {http://www.sciencedirect.com/science/article/pii/0169534794901775},
 pages = {131--135},
 volume = {9},
 number = {4},
 issn = {0169-5347},
 journal = {Trends in Ecology {\&} Evolution},
 doi = {10.1016/0169-5347(94)90177-5}
}


@article{Hartemink.2021,
 author = {Hartemink, Nienke and {van Vliet}, Arnold J. H. and Gort, Gerrit and Gassner, Fedor and Jacobs, Frans and Fonville, Manoj and Takken, Willem and Sprong, Hein},
 year = {2021},
 title = {Seasonal patterns and spatial variation of Borrelia burgdorferi (sensu lato) infections in Ixodes ricinus in the Netherlands},
 pages = {121},
 volume = {14},
 number = {1},
 issn = {1756-3305},
 journal = {Parasites {\&} Vectors},
 doi = {10.1186/s13071-021-04607-7}
}


@article{Hauser.2018,
 author = {Hauser, Ga{\"e}l and Rais, Olivier and {Mor{\'a}n Cadenas}, Francisca and Gonseth, Yves and Bouzelboudjen, Mahmoud and Gern, Lise},
 year = {2018},
 title = {Influence of climatic factors on Ixodes ricinus nymph abundance and phenology over a long-term monthly observation in Switzerland (2000-2014)},
 pages = {289},
 volume = {11},
 number = {1},
 issn = {1756-3305},
 journal = {Parasites {\&} Vectors},
 doi = {10.1186/s13071-018-2876-7}
}


@article{Hausfather.2020,
 author = {Hausfather, Zeke and Drake, Henri F. and Abbott, Tristan and Schmidt, Gavin A.},
 year = {2020},
 title = {Evaluating the Performance of Past Climate Model Projections},
 pages = {e2019GL085378},
 volume = {47},
 number = {1},
 issn = {0094-8276},
 journal = {Geophysical Research Letters},
 doi = {10.1029/2019GL085378}
}


@proceedings{Hennemuth.2013,
 year = {2013},
 title = {Statistical methods for the analysis of simulated and observed climate data: applied in projects and institutions dealing with climate change impact and adaptation},
 publisher = {CSC},
 editor = {Hennemuth, Barbara and Bender, S. and B{\"u}low, K. and Dreier, N. and Keup-Thiel, E. and Kr{\"u}ger, O. and Mudersbach, C. and Radermacher, C. and Schoetter, R.}
}


@article{Herrmann.2010,
 author = {Herrmann, Coralie and Gern, Lise},
 year = {2010},
 title = {Survival of Ixodes ricinus (Acari: Ixodidae) Under Challenging Conditions of Temperature and Humidity Is Influenced by Borrelia burgdorferi sensu lato Infection},
 pages = {1196--1204},
 volume = {47},
 number = {6},
 issn = {0022-2585},
 journal = {Journal of Medical Entomology},
 doi = {10.1603/ME10111}
}


@article{Herrmann.2013,
 author = {Herrmann, Coralie and Gern, Lise},
 year = {2013},
 title = {Survival of Ixodes ricinus (Acari: Ixodidae) nymphs under cold conditions is negatively influenced by frequent temperature variations},
 pages = {445--451},
 volume = {4},
 number = {5},
 issn = {1877-959X},
 journal = {Ticks and Tick-borne Diseases},
 doi = {10.1016/j.ttbdis.2013.05.002}
}


@article{Herrmann.2015,
 author = {Herrmann, Coralie and Gern, Lise},
 year = {2015},
 title = {Search for blood or water is influenced by Borrelia burgdorferi in Ixodes ricinus},
 pages = {6},
 volume = {8},
 number = {1},
 issn = {1756-3305},
 journal = {Parasites {\&} Vectors},
 doi = {10.1186/s13071-014-0526-2}
}


@article{Heylen.2013,
 author = {Heylen, Dieter and Adriaensen, Frank and {van Dongen}, Stefan and Sprong, Hein and Matthysen, Erik},
 year = {2013},
 title = {Ecological factors that determine Ixodes ricinus tick burdens in the great tit (Parus major), an avian reservoir of Borrelia burgdorferi s.l},
 url = {https://www.sciencedirect.com/science/article/pii/S0020751913001045},
 pages = {603--611},
 volume = {43},
 number = {8},
 issn = {0020-7519},
 journal = {International Journal for Parasitology},
 doi = {10.1016/j.ijpara.2013.02.007}
}


@article{Hoch.2010,
 author = {Hoch, T. and Monnet, Y. and Agoulon, A.},
 year = {2010},
 title = {Influence of host migration between woodland and pasture on the population dynamics of the tick Ixodes ricinus: A modelling approach},
 url = {http://www.sciencedirect.com/science/article/pii/S0304380010002103},
 keywords = {Dynamic model;Host migration;Multi-habitat model;Tick population dynamics},
 pages = {1798--1806},
 volume = {221},
 number = {15},
 issn = {0304-3800},
 journal = {Ecological Modelling},
 doi = {10.1016/j.ecolmodel.2010.04.008}
}


@article{Imholt.2017,
 author = {Imholt, Christian and Reil, Daniela and Pla{\v{s}}il, Pavel and R{\"o}diger, Kerstin and Jacob, Jens},
 year = {2017},
 title = {Long-term population patterns of rodents and associated damage in German forestry},
 keywords = {beech mast;Climate;forestry;Population Dynamics;rodent outbreaks;time series},
 pages = {332--340},
 volume = {73},
 number = {2},
 issn = {1526-498X},
 journal = {Pest Management Science},
 doi = {10.1002/ps.4325}
}


@article{Jacob.2014,
 author = {Jacob, Daniela and Petersen, Juliane and Eggert, Bastian and Alias, Antoinette and Christensen, Ole B{\o}ssing and Bouwer, Laurens M. and Braun, Alain and Colette, Augustin and D{\'e}qu{\'e}, Michel and Georgievski, Goran and Georgopoulou, Elena and Gobiet, Andreas and Menut, Laurent and Nikulin, Grigory and Haensler, Andreas and Hempelmann, Nils and Jones, Colin and Keuler, Klaus and Kovats, Sari and Kr{\"o}ner, Nico and Kotlarski, Sven and Kriegsmann, Arne and Martin, Eric and {van Meijgaard}, Erik and Moseley, Christopher and Pfeifer, Susanne and Preuschmann, Swantje and Radermacher, Christine and Radtke, Kai and Rechid, Diana and Rounsevell, Mark and Samuelsson, Patrick and Somot, Samuel and Soussana, Jean-Francois and Teichmann, Claas and Valentini, Riccardo and Vautard, Robert and Weber, Bj{\"o}rn and Yiou, Pascal},
 year = {2014},
 title = {EURO-CORDEX: new high-resolution climate change projections for European impact research},
 pages = {563--578},
 volume = {14},
 number = {2},
 issn = {1436-378X},
 journal = {Regional Environmental Change},
 doi = {10.1007/s10113-013-0499-2}
}


@article{JAENSON.2009,
 author = {JAENSON, T. G. T. and EISEN, L. and COMSTEDT, P. and MEJLON, H. A. and Lindgren, E. and BERGSTR{\"O}M, S. and OLSEN, B.},
 year = {2009},
 title = {Risk indicators for the tick Ixodes ricinus and Borrelia burgdorferi sensu lato in Sweden},
 pages = {226--237},
 volume = {23},
 number = {3},
 issn = {0269-283X},
 journal = {Medical and Veterinary Entomology},
 doi = {10.1111/j.1365-2915.2009.00813.x}
}


@article{James.2013,
 author = {James, M. C. and Bowman, A. S. and Forbes, K. J. and Lewis, F. and McLeod, J. E. and Gilbert, Lucy},
 year = {2013},
 title = {Environmental determinants of Ixodes ricinus ticks and the incidence of Borrelia burgdorferi sensu lato, the agent of Lyme borreliosis, in Scotland},
 pages = {237--246},
 volume = {140},
 number = {2},
 issn = {0031-1820},
 journal = {Parasitology}
}


@article{Jameson.2011,
 author = {Jameson, Lisa J. and Medlock, Jolyon M.},
 year = {2011},
 title = {Tick Surveillance in Great Britain},
 pages = {403--412},
 volume = {11},
 number = {4},
 issn = {1530-3667},
 journal = {Vector-Borne and Zoonotic Diseases}
}


@article{Jantz.2015,
 author = {Jantz, Samuel M. and Barker, Brian and Brooks, Thomas M. and Chini, Louise P. and Huang, Qiongyu and Moore, Rachel M. and Noel, Jacob and Hurtt, George C.},
 year = {2015},
 title = {Future habitat loss and extinctions driven by land-use change in biodiversity hotspots under four scenarios of climate-change mitigation},
 pages = {1122--1131},
 volume = {29},
 number = {4},
 journal = {Conservation biology : the journal of the Society for Conservation Biology},
 doi = {10.1111/cobi.12549}
}


@article{Jore.2014,
 author = {Jore, Solveig and Vanwambeke, Sophie O. and Viljugrein, Hildegunn and Isaksen, Ketil and Kristoffersen, Anja B. and Woldehiwet, Zerai and Johansen, Bernt and Brun, Edgar and Brun-Hansen, Hege and Westermann, Sebastian and Larsen, Inger-Lise and Ytrehus, Bj{\o}rnar and Hofshagen, Merete},
 year = {2014},
 title = {Climate and environmental change drives Ixodes ricinus geographical expansion at the northern range margin},
 pages = {11},
 volume = {7},
 issn = {1756-3305},
 journal = {Parasites {\&} Vectors},
 doi = {10.1186/1756-3305-7-11}
}


@article{Jouda.2004,
 author = {Jouda, Fatima and Perret, Jean-Luc and Gern, Lise},
 year = {2004},
 title = {Ixodes ricinus density, and distribution and prevalence of Borrelia burgdorferi sensu lato infection along an altitudinal gradient},
 pages = {162--169},
 volume = {41},
 number = {2},
 issn = {0022-2585},
 journal = {Journal of Medical Entomology},
 doi = {10.1603/0022-2585-41.2.162}
}


@article{JungKjr.2019,
 author = {{Jung Kj{\ae}r}, Lene and Soleng, Arnulf and Edgar, Kristin Skarsfjord and Lindstedt, Heidi Elisabeth H. and Paulsen, Katrine M{\o}rk and Andreassen, {\AA}shild Kristine and Korslund, Lars and Kjelland, Vivian and Slettan, Audun and Stuen, Snorre and Kjellander, Petter and Christensson, Madeleine and Ter{\"a}v{\"a}inen, Malin and Baum, Andreas and Klitgaard, Kirstine and B{\o}dker, Ren{\'e}},
 year = {2019},
 title = {Predicting the spatial abundance of Ixodes ricinus ticks in southern Scandinavia using environmental and climatic data},
 pages = {18144},
 volume = {9},
 number = {1},
 journal = {Scientific reports},
 doi = {10.1038/s41598-019-54496-1}
}


@misc{Kahl.,
 author = {Kahl, Olaf},
 title = {Zecken im Juli/August},
 url = {https://www.zecken-radar.de/zeckenaktivitaet-juli-august/},
 urldate = {20.04.2021}
}


@article{Kahl.2008,
 author = {Kahl, O. and Dautel, H.},
 year = {2008},
 title = {Zur Biologie und {\"O}kologie von Zecken und ihre Ausbreitung nach Norden},
 pages = {215--218},
 journal = {Warnsignal Klima: Gesundheitsrisiken-Gefahren f{\"u}r Pflanzen, Tiere {\&} Menschen. S}
}


@article{Kahl.2018,
 author = {Kahl, Olaf},
 year = {2018},
 title = {Hard ticks as vectors---some basic issues},
 pages = {479--483},
 volume = {130},
 number = {15},
 issn = {1613-7671},
 journal = {Wiener klinische Wochenschrift},
 doi = {10.1007/s00508-018-1360-x}
}


@article{Kilpatrick.2017,
 author = {Kilpatrick, A. Marm and Dobson, Andrew D. M. and Levi, Taal and Salkeld, Daniel J. and Swei, Andrea and Ginsberg, Howard S. and Kjemtrup, Anne and Padgett, Kerry A. and Jensen, Per M. and Fish, Durland and Ogden, Nick H. and Diuk-Wasser, Maria A.},
 year = {2017},
 title = {Lyme disease ecology in a changing world: consensus, uncertainty and critical gaps for improving control},
 volume = {372},
 number = {1722},
 journal = {Philosophical transactions of the Royal Society of London. Series B, Biological sciences},
 doi = {10.1098/rstb.2016.0117}
}


@article{Kjr.2019,
 author = {Kj{\ae}r, Lene Jung and Soleng, Arnulf and Edgar, Kristin Skarsfjord and Lindstedt, Heidi Elisabeth H. and Paulsen, Katrine M{\o}rk and Andreassen, {\AA}shild Kristine and Korslund, Lars and Kjelland, Vivian and Slettan, Audun and Stuen, Snorre},
 year = {2019},
 title = {Predicting and mapping human risk of exposure to Ixodes ricinus nymphs using climatic and environmental data, Denmark, Norway and Sweden, 2016},
 pages = {1800101},
 volume = {24},
 number = {9},
 issn = {1560-7917},
 journal = {Eurosurveillance}
}


@article{Knap.2009,
 author = {Knap, Natasa and Durmisi, Emina and Saksida, Ana and Korva, Misa and Petrovec, Miroslav and Avsic-Zupanc, Tatjana},
 year = {2009},
 title = {Influence of climatic factors on dynamics of questing Ixodes ricinus ticks in Slovenia},
 pages = {275--281},
 volume = {164},
 number = {2-4},
 issn = {0304-4017},
 journal = {Veterinary Parasitology},
 doi = {10.1016/j.vetpar.2009.06.001}
}


@article{Konnert.2016,
 author = {Konnert, Monika and Schneck, Dagmar and Zollner, Alois},
 year = {2016},
 title = {Bl{\"u}hen und Fruktifizieren unserer Waldb{\"a}ume in den letzten 60 Jahren},
 pages = {37--45},
 volume = {74},
 journal = {LWF Wissen}
}


@article{Korenberg.2000,
 author = {Korenberg, Edward I.},
 year = {2000},
 title = {Seasonal Population Dynamics of Ixodes Ticks and Tick-Borne Encephalitis Virus},
 pages = {665--681},
 volume = {24},
 number = {9},
 issn = {1572-9702},
 journal = {Experimental and Applied Acarology},
 doi = {10.1023/A:1010798518261}
}


@article{Kubiak.2006,
 author = {Kubiak, Katarzyna and Dziekonska-Rynko, J.},
 year = {2006},
 title = {Seasonal activity of the common European tick, Ixodes ricinus [Linnaeus, 1758], in the forested areas of the city of Olsztyn and its sorroundings},
 volume = {52},
 number = {1},
 issn = {0043-5163},
 journal = {Wiadomo{\'s}ci Parazytologiczne}
}


@book{Kupca.2009,
 author = {Kup{\v{c}}a, Anne Martina},
 year = {2009},
 title = {Ixodes ricinus (Ixodidae): Saisonale Aktivit{\"a}t und nat{\"u}rliche Infektionen mit dem FSME-Virus an ausgew{\"a}hlten Standorten in Bayern},
 publisher = {{VVB Laufersweiler}},
 isbn = {3835953923}
}


@article{Lafferty.2009,
 author = {Lafferty, Kevin D.},
 year = {2009},
 title = {The ecology of climate change and infectious diseases},
 keywords = {Climate;ENSO;Global warming;malaria;vector;yellow fever},
 pages = {888--900},
 volume = {90},
 number = {4},
 issn = {00129658},
 journal = {Ecology},
 doi = {10.1890/08-0079.1}
}


@article{Laprise.2008,
 author = {Laprise, Ren{\'e}},
 year = {2008},
 title = {Regional climate modelling},
 url = {https://www.sciencedirect.com/science/article/pii/S0021999106005407},
 keywords = {climate change;Climate modelling;Numerical methods;Regional climate model},
 pages = {3641--3666},
 volume = {227},
 number = {7},
 issn = {0021-9991},
 journal = {Journal of Computational Physics},
 doi = {10.1016/j.jcp.2006.10.024}
}


@article{LEES.1948,
 author = {LEES, A. D.},
 year = {1948},
 title = {The sensory physiology of the sheep tick, Ixodes ricinus L},
 pages = {145--207},
 volume = {25},
 number = {2},
 issn = {0022-0949},
 journal = {The Journal of experimental biology}
}


@article{Lejal.2019,
 author = {Lejal, Emilie and Marsot, Maud and Chalvet-Monfray, Karine and Cosson, Jean-Fran{\c{c}}ois and Moutailler, Sara and Vayssier-Taussat, Muriel and Pollet, Thomas},
 year = {2019},
 title = {A three-years assessment of Ixodes ricinus-borne pathogens in a French peri-urban forest},
 pages = {551},
 volume = {12},
 number = {1},
 issn = {1756-3305},
 journal = {Parasites {\&} Vectors},
 doi = {10.1186/s13071-019-3799-7}
}


@article{Levi.2012,
 author = {Levi, Taal and Kilpatrick, A. Marm and Mangel, Marc and Wilmers, Christopher C.},
 year = {2012},
 title = {Deer, predators, and the emergence of Lyme disease},
 pages = {10942},
 volume = {109},
 number = {27},
 journal = {Proceedings of the National Academy of Sciences},
 doi = {10.1073/pnas.1204536109}
}


@article{Liebig.2020,
 author = {Liebig, Katrin and Boelke, Mathias and Grund, Domenic and Schicht, Sabine and Springer, Andrea and Strube, Christina and Chitimia-Dobler, Lidia and Dobler, Gerhard and Jung, Klaus and Becker, Stefanie},
 year = {2020},
 title = {Tick populations from endemic and non-endemic areas in Germany show differential susceptibility to TBEV},
 pages = {15478},
 volume = {10},
 number = {1},
 journal = {Scientific reports},
 doi = {10.1038/s41598-020-71920-z}
}


@phdthesis{Lieske.2010,
 author = {Lieske, Reimo},
 year = {2010},
 title = {Habitatmodellierung ausgew{\"a}hlter invasiver Neophyten  im Kanton Z{\"u}rich, Schweiz},
 address = {Salzburg},
 school = {{Paris Lodron University of Salzburg}},
 type = {Master Thesis}
}


@article{LindgrenE.2000,
 author = {{Lindgren E} and {T{\"a}lleklint L} and {Polfeldt T}},
 year = {2000},
 title = {Impact of climatic change on the northern latitude limit and population density of the disease-transmitting European tick Ixodes ricinus},
 pages = {119--123},
 volume = {108},
 number = {2},
 journal = {Environmental Health Perspectives},
 doi = {10.1289/ehp.00108119}
}


@article{Lindstrom.2003,
 author = {Lindstr{\"o}m, Anders and Jaenson, Thomas G.T.},
 year = {2003},
 title = {Distribution of the Common Tick, Ixodes ricinus (Acari: Ixodidae), in Different Vegetation Types in Southern Sweden},
 pages = {375--378},
 volume = {40},
 number = {4},
 issn = {0022-2585},
 journal = {Journal of Medical Entomology},
 doi = {10.1603/0022-2585-40.4.375}
}


@article{Lindstrom.2003b,
 author = {Lindstr{\"o}m, Anders and Jaenson, Thomas G. T.},
 year = {2003},
 title = {Distribution of the common tick, Ixodes ricinus (Acari: Ixodidae), in different vegetation types in southern Sweden},
 pages = {375--378},
 volume = {40},
 number = {4},
 issn = {0022-2585},
 journal = {Journal of Medical Entomology}
}


@article{Linske.2018,
 author = {Linske, Megan A. and Williams, Scott C. and Stafford, Kirby C. and Ortega, Isaac M.},
 year = {2018},
 title = {Ixodes scapularis (Acari: Ixodidae) Reservoir Host Diversity and Abundance Impacts on Dilution of Borrelia burgdorferi (Spirochaetales: Spirochaetaceae) in Residential and Woodland Habitats in Connecticut, United States},
 pages = {681--690},
 volume = {55},
 number = {3},
 issn = {0022-2585},
 journal = {Journal of Medical Entomology},
 doi = {10.1093/jme/tjx237}
}


@article{LiSen.2019,
 author = {{Li Sen} and {Gilbert Lucy} and {Vanwambeke Sophie O.} and {Yu Jianjun} and {Purse Bethan V.} and {Harrison Paula A.}},
 title = {Lyme Disease Risks in Europe under Multiple Uncertain Drivers of Change},
 pages = {067010},
 volume = {127},
 number = {6},
 journal = {Environmental Health Perspectives},
 doi = {10.1289/EHP4615}
}


@article{Lohr.2015,
 author = {Lohr, B. and M{\"u}ller, I. and Mai, M. and Norris, D. E. and Sch{\"o}ffski, O. and Hunfeld, K-P},
 year = {2015},
 title = {Epidemiology and cost of hospital care for Lyme borreliosis in Germany: lessons from a health care utilization database analysis},
 pages = {56--62},
 volume = {6},
 number = {1},
 issn = {1877-959X},
 journal = {Ticks and Tick-borne Diseases},
 doi = {10.1016/j.ttbdis.2014.09.004}
}


@article{Lou.2017,
 author = {Lou, Yijun and Wu, Jianhong},
 year = {2017},
 title = {Modeling Lyme disease transmission},
 url = {https://www.sciencedirect.com/science/article/pii/S2468042717300076},
 keywords = {Basic reproduction number;Biodiversity;Bird migration;Co-infection;Lyme disease;mathematical model;Seasonality;Spatial model;tick-borne disease},
 pages = {229--243},
 volume = {2},
 number = {2},
 issn = {2468-0427},
 journal = {Infectious Disease Modelling},
 doi = {10.1016/j.idm.2017.05.002}
}


@article{MacLeod.1935,
 author = {MacLeod, John},
 year = {1935},
 title = {Ixodes ricinus in Relation to its Physical Environment},
 pages = {123--144},
 volume = {27},
 number = {1},
 issn = {0031-1820},
 journal = {Parasitology},
 doi = {10.1017/S0031182000015006}
}


@article{Mannelli.2012,
 author = {Mannelli, Alessandro and Bertolotti, Luigi and Gern, Lise and Gray, Jeremy},
 year = {2012},
 title = {Ecology of Borrelia burgdorferi sensu lato in Europe: transmission dynamics in multi-host systems, influence of molecular processes and effects of climate change},
 pages = {837--861},
 volume = {36},
 number = {4},
 issn = {0168-6445},
 journal = {FEMS Microbiology Reviews},
 doi = {10.1111/j.1574-6976.2011.00312.x}
}


@article{Maraun.2016,
 author = {Maraun, Douglas},
 year = {2016},
 title = {Bias Correcting Climate Change Simulations - a Critical Review},
 pages = {211--220},
 volume = {2},
 number = {4},
 issn = {2198-6061},
 journal = {Current Climate Change Reports},
 doi = {10.1007/s40641-016-0050-x}
}


@article{Mather.1991,
 author = {Mather, Thomas N. and {Telford, Sam R., III} and Adler, Gregory H.},
 year = {1991},
 title = {Absence of Transplacental Transmission of Lyme Disease Spirochetes from Reservoir Mice (Peromyscus leucopus) to their Offspring},
 pages = {564--567},
 volume = {164},
 number = {3},
 issn = {0022-1899},
 journal = {The Journal of Infectious Diseases},
 doi = {10.1093/infdis/164.3.564}
}


@article{Matthiopoulos.2015,
 author = {Matthiopoulos, Jason and Fieberg, John and Aarts, Geert and Beyer, Hawthorne L. and Morales, Juan M. and Haydon, Daniel T.},
 year = {2015},
 title = {Establishing the link between habitat selection and animal population dynamics},
 keywords = {accessibility;climate change;conservation;density dependence;generalized functional response;generalized linear model;habitat suitability;ideal free distribution;mathematical model;resource selection function;simulation;species distribution models},
 pages = {413--436},
 volume = {85},
 number = {3},
 issn = {0012-9615},
 journal = {Ecological Monographs},
 doi = {10.1890/14-2244.1}
}


@article{Medlock.2013,
 author = {Medlock, Jolyon M. and Hansford, Kayleigh M. and Bormane, Antra and Derdakova, Marketa and Estrada-Pe{\~n}a, Agust{\'i}n and George, Jean-Claude and Golovljova, Irina and Jaenson, Thomas G. T. and Jensen, Jens-Kjeld and Jensen, Per M. and Kazimirova, Maria and Oteo, Jos{\'e} A. and Papa, Anna and Pfister, Kurt and Plantard, Olivier and Randolph, Sarah E. and Rizzoli, Annapaola and Santos-Silva, Maria Margarida and Sprong, Hein and Vial, Laurence and Hendrickx, Guy and Zeller, Herve and {van Bortel}, Wim},
 year = {2013},
 title = {Driving forces for changes in geographical distribution of Ixodes ricinus ticks in Europe},
 pages = {1},
 volume = {6},
 number = {1},
 issn = {1756-3305},
 journal = {Parasites {\&} Vectors},
 doi = {10.1186/1756-3305-6-1}
}


@article{MEJLON.1997,
 author = {MEJLON, H. A. and Jaenson, T.G.T.},
 year = {1997},
 title = {Questing behaviour of Ixodes ricinus ticks (Acari: Ixodidae)},
 pages = {747--754},
 volume = {21},
 number = {12},
 issn = {1572-9702},
 journal = {Experimental and Applied Acarology},
 doi = {10.1023/A:1018421105231}
}


@article{Mihalca.2013,
 author = {Mihalca, Andrei D. and S{\'a}ndor, Attila D.},
 year = {2013},
 title = {The role of rodents in the ecology of Ixodes ricinus and associated pathogens in Central and Eastern Europe},
 pages = {56},
 volume = {3},
 issn = {2235-2988},
 journal = {Frontiers in Cellular and Infection Microbiology},
 doi = {10.3389/fcimb.2013.00056}
}


@article{Millins.2016,
 author = {Millins, Caroline and Gilbert, Lucy and Johnson, Paul and James, Marianne and Kilbride, Elizabeth and Birtles, Richard and Biek, Roman},
 year = {2016},
 title = {Heterogeneity in the abundance and distribution of Ixodes ricinus and Borrelia burgdorferi (sensu lato) in Scotland: implications for risk prediction},
 pages = {595},
 volume = {9},
 number = {1},
 issn = {1756-3305},
 journal = {Parasites {\&} Vectors},
 doi = {10.1186/s13071-016-1875-9}
}


@book{Millins.2016b,
 author = {Millins, Caroline Louise},
 year = {2016},
 title = {Ecological drivers of a vector borne pathogen: Distribution and abundance of Borrelia burgdorferi sensu lato and its vector Ixodes ricinus in Scotland},
 publisher = {{University of Glasgow}}
}


@article{Millins.2018,
 author = {Millins, Caroline and Dickinson, Eleanor R. and Isakovic, Petra and Gilbert, Lucy and Wojciechowska, Agnieszka and Paterson, Victoria and Tao, Feng and Jahn, Martin and Kilbride, Elizabeth and Birtles, Richard and Johnson, Paul and Biek, Roman},
 year = {2018},
 title = {Landscape structure affects the prevalence and distribution of a tick-borne zoonotic pathogen},
 pages = {621},
 volume = {11},
 number = {1},
 issn = {1756-3305},
 journal = {Parasites {\&} Vectors},
 doi = {10.1186/s13071-018-3200-2}
}


@article{Morgan.2020,
 author = {Morgan, Rachael and Finn{\o}en, Mette H. and Jensen, Henrik and P{\'e}labon, Christophe and Jutfelt, Fredrik},
 year = {2020},
 title = {Low potential for evolutionary rescue from climate change in a tropical fish},
 pages = {33365},
 volume = {117},
 number = {52},
 journal = {Proceedings of the National Academy of Sciences},
 doi = {10.1073/pnas.2011419117}
}


@book{Mullen.2019,
 year = {2019},
 title = {Medical and veterinary entomology},
 address = {London and San Diego, CA},
 edition = {Third edition},
 publisher = {{Academic Press an imprint of Elsevier}},
 isbn = {9780128140437},
 editor = {Mullen, Gary Richard and Durden, Lance A.}
}


@book{Obenchain.1982,
 year = {1982},
 title = {Physiology of Ticks: Current Themes in Tropical Science},
 address = {Burlington},
 volume = {v. 1},
 publisher = {{Elsevier Science}},
 isbn = {9780080249377},
 series = {Current themes in tropical science},
 editor = {Obenchain, Frederick D. and Galun, Rachel}
}


@article{OGDEN.1997,
 author = {OGDEN, N. H. and Nuttall, P. A. and Randolph, S. E.},
 year = {1997},
 title = {Natural Lyme disease cycles maintained via sheep by co-feeding ticks},
 url = {https://www.cambridge.org/core/article/natural-lyme-disease-cycles-maintained-via-sheep-by-cofeeding-ticks/3CE077B7C3118667FF39EBE2F5082E8A},
 keywords = {co-feeding transmission;Lyme borreliosis;sheep;ticks},
 pages = {591--599},
 volume = {115},
 number = {6},
 issn = {0031-1820},
 journal = {Parasitology},
 doi = {10.1017/S0031182097001868}
}


@article{Ogden.2005,
 author = {OGDEN, N. H. and Bigras-Poulin, M. and O'Callaghan, C. J. and Barker, I. K. and Lindsay, L. R. and Maarouf, A. and Smoyer-Tomic, K. E. and Waltner-Toews, D. and Charron, D.},
 year = {2005},
 title = {A dynamic population model to investigate effects of climate on geographic range and seasonality of the tick Ixodes scapularis},
 url = {http://www.sciencedirect.com/science/article/pii/S0020751905000044},
 keywords = {Climate;Model;Population;Tick},
 pages = {375--389},
 volume = {35},
 number = {4},
 issn = {0020-7519},
 journal = {International Journal for Parasitology},
 doi = {10.1016/j.ijpara.2004.12.013}
}


@article{OGDEN.2006,
 author = {OGDEN, N. H. and Maarouf, A. and Barker, I. K. and Bigras-Poulin, M. and Lindsay, L. R. and Morshed, M. G. and O'Callaghan, C. J. and Ramay, F. and Waltner-Toews, D. and Charron, D. F.},
 year = {2006},
 title = {Climate change and the potential for range expansion of the Lyme disease vector Ixodes scapularis in Canada},
 url = {http://www.sciencedirect.com/science/article/pii/S0020751905002985},
 keywords = {Canada;climate change;Ixodes scapularis;Lyme disease;Tick;Zoonoses},
 pages = {63--70},
 volume = {36},
 number = {1},
 issn = {0020-7519},
 journal = {International Journal for Parasitology},
 doi = {10.1016/j.ijpara.2005.08.016}
}


@article{OGDEN.2009,
 author = {OGDEN, N. H. and Tsao, J. I.},
 year = {2009},
 title = {Biodiversity and Lyme disease: dilution or amplification?},
 pages = {196--206},
 volume = {1},
 number = {3},
 journal = {Epidemics},
 doi = {10.1016/j.epidem.2009.06.002}
}


@article{Ogden.2021,
 author = {Ogden, Nicholas H. and {Ben Beard}, C. and Ginsberg, Howard S. and Tsao, Jean I.},
 year = {2021},
 title = {Possible Effects of Climate Change on Ixodid Ticks and the Pathogens They Transmit: Predictions and Observations},
 pages = {1536--1545},
 volume = {58},
 number = {4},
 issn = {0022-2585},
 journal = {Journal of Medical Entomology},
 doi = {10.1093/jme/tjaa220}
}


@article{Ostfeld.1996,
 author = {Ostfeld, Richard S. and Jones, Clive G. and Wolff, Jerry O.},
 year = {1996},
 title = {Of Mice and Mast},
 pages = {323--330},
 volume = {46},
 number = {5},
 issn = {00063568},
 journal = {BioScience},
 doi = {10.2307/1312946}
}


@book{Ostfeld.2011,
 author = {Ostfeld, Richard},
 year = {2011},
 title = {Lyme disease: the ecology of a complex system},
 publisher = {{OUP USA}},
 isbn = {0195388127}
}


@article{Ostfeld.2015,
 author = {Ostfeld, Richard S. and Brunner, Jesse L.},
 year = {2015},
 title = {Climate change and Ixodes tick-borne diseases of humans},
 pages = {20140051},
 volume = {370},
 number = {1665},
 journal = {Philosophical Transactions of the Royal Society B: Biological Sciences},
 doi = {10.1098/rstb.2014.0051}
}


@article{Ostfeld.2018,
 author = {Ostfeld, Richard S. and Levi, Taal and Keesing, Felicia and Oggenfuss, Kelly and Canham, Charles D.},
 year = {2018},
 title = {Tick-borne disease risk in a forest food web},
 keywords = {blacklegged tick;bottom-up control;Lyme disease;predator;tick-borne disease;top-down control;white-footed mouse;Zoonoses},
 pages = {1562--1573},
 volume = {99},
 number = {7},
 issn = {00129658},
 journal = {Ecology},
 doi = {10.1002/ecy.2386}
}


@article{Ostfeld.2020,
 author = {Ostfeld, Richard S. and Keesing, Felicia},
 year = {2020},
 title = {Planetary Health and Infectious Disease},
 pages = {141--164},
 journal = {Planetary Health: Protecting Nature to Protect Ourselves}
}


@phdthesis{Overzier.2013,
 author = {Overzier, Evelyn},
 year = {2013},
 title = {Habitatabh{\"a}ngige Pr{\"a}valenzunterschiede zecken{\"u}bertragener Erreger in Ixodes ricinus und das Reservoirpotential von Rehwild},
 school = {{Ludwig-Maximilians-Universit{\"a}t M{\"u}nchen}},
 doi = {10.5282/EDOC.16006}
}


@article{Pascual.2009,
 author = {Pascual, Mercedes and Bouma, Menno J.},
 year = {2009},
 title = {Do rising temperatures matter},
 pages = {906--912},
 volume = {90},
 number = {4},
 issn = {00129658},
 journal = {Ecology},
 doi = {10.1890/08-0730.1}
}


@article{Patz.2003,
 author = {Patz, J. A. and Githeko, A. K. and McCarty, J. P. and Hussein, S. and Confalonieri, U. and de Wet, N.},
 year = {2003},
 title = {Climate change and infectious diseases},
 pages = {103--137},
 volume = {6},
 journal = {Climate change and human health: risks and responses}
}


@article{Paz.2021,
 author = {Paz, Shlomit},
 year = {2021},
 title = {Climate change impacts on vector-borne diseases in Europe: Risks, predictions and actions},
 url = {https://www.sciencedirect.com/science/article/pii/S266677622030017X},
 pages = {100017},
 volume = {1},
 issn = {2666-7762},
 journal = {The Lancet Regional Health - Europe},
 doi = {10.1016/j.lanepe.2020.100017}
}


@article{Perez.2012,
 author = {P{\'e}rez, David and Kneub{\"u}hler, Yvan and Rais, Olivier and Gern, Lise},
 year = {2012},
 title = {Seasonality of Ixodes ricinus Ticks on Vegetation and on Rodents and Borrelia burgdorferi sensu lato Genospecies Diversity in Two Lyme Borreliosis--Endemic Areas in Switzerland},
 pages = {633--644},
 volume = {12},
 number = {8},
 issn = {1530-3667},
 journal = {Vector-Borne and Zoonotic Diseases},
 doi = {10.1089/vbz.2011.0763}
}


@article{Perez.2020,
 author = {Perez, Gr{\'e}goire and Bastian, Suzanne and Chastagner, Am{\'e}lie and Agoulon, Albert and Rantier, Yann and Vourc'h, Gwena{\"e}l and Plantard, Olivier and Butet, Alain},
 year = {2020},
 title = {Relationships between landscape structure and the prevalence of two tick-borne infectious agents, Anaplasma phagocytophilum and Borrelia burgdorferi sensu lato, in small mammal communities},
 pages = {435--451},
 volume = {35},
 number = {2},
 issn = {1572-9761},
 journal = {Landscape Ecology},
 doi = {10.1007/s10980-019-00957-x}
}


@article{Perret.2000,
 author = {Perret, J.-L. and Guigoz, E. and Rais, O. and Gern, L.},
 year = {2000},
 title = {Influence of saturation deficit and temperature on Ixodes ricinus tick questing activity in a Lyme borreliosis-endemic area (Switzerland)},
 pages = {554--557},
 volume = {86},
 number = {7},
 issn = {1432-1955},
 journal = {Parasitology Research},
 doi = {10.1007/s004360000209}
}


@article{Perret.2003,
 author = {Perret, Jean-Luc and Guerin, Patrick M. and Diehl, Peter A. and Vlimant, Mich{\'e}le and Gern, Lise},
 year = {2003},
 title = {Darkness induces mobility, and saturation deficit limits questing duration, in the tick Ixodes ricinus},
 pages = {1809--1815},
 volume = {206},
 number = {Pt 11},
 issn = {0022-0949},
 journal = {The Journal of experimental biology},
 doi = {10.1242/jeb.00345}
}


@article{Perret.2004,
 author = {Perret, Jean-Luc and Rais, Olivier and Gern, Lise},
 year = {2004},
 title = {Influence of climate on the proportion of Ixodes ricinus nymphs and adults questing in a tick population},
 pages = {361--365},
 volume = {41},
 number = {3},
 issn = {0022-2585},
 journal = {Journal of Medical Entomology},
 doi = {10.1603/0022-2585-41.3.361}
}


@phdthesis{Petney.2011,
 author = {Petney, Trevor and Pf{\"a}ffle, M. and Skuballa, J. and Taraschewski, H.},
 year = {2011},
 title = {Literaturrecherche zum Thema Zecken und Zecken{\"u}bertragene Krankheiten in Baden-W{\"u}rttemberg - Stand des Wissens},
 school = {{Karlsruhe Institute of Technology}},
 type = {Abschlussbericht}
}


@article{Piesman.1987,
 author = {Piesman, J. and Mather, T. N. and Sinsky, R. J. and Spielman, A.},
 year = {1987},
 title = {Duration of tick attachment and Borrelia burgdorferi transmission},
 pages = {557},
 volume = {25},
 number = {3},
 journal = {Journal of Clinical Microbiology}
}


@article{Randolph.1996,
 author = {Randolph, S. E. and Gern, L. and Nuttall, P. A.},
 year = {1996},
 title = {Co-feeding ticks: Epidemiological significance for tick-borne pathogen transmission},
 url = {http://www.sciencedirect.com/science/article/pii/S0169475896100727},
 pages = {472--479},
 volume = {12},
 number = {12},
 issn = {0169-4758},
 journal = {Parasitology Today},
 doi = {10.1016/S0169-4758(96)10072-7}
}


@article{Randolph.1999,
 author = {Randolph, Sarah E. and Storey, Katie},
 year = {1999},
 title = {Impact of Microclimate on Immature Tick-Rodent Host Interactions (Acari: Ixodidae): Implications for Parasite Transmission},
 pages = {741--748},
 volume = {36},
 number = {6},
 issn = {0022-2585},
 journal = {Journal of Medical Entomology},
 doi = {10.1093/jmedent/36.6.741}
}


@article{Randolph.2002,
 author = {Randolph, S.E and Green, R.M and Hoodless, A.N and Peacey, M.F},
 year = {2002},
 title = {An empirical quantitative framework for the seasonal population dynamics of the tick Ixodesricinus},
 url = {http://www.sciencedirect.com/science/article/pii/S0020751902000309},
 keywords = {Fat content;Microclimate;Physiological age;Seasonal population dynamics;Tick},
 pages = {979--989},
 volume = {32},
 number = {8},
 issn = {0020-7519},
 journal = {International Journal for Parasitology},
 doi = {10.1016/S0020-7519(02)00030-9}
}


@article{Randolph.2002b,
 author = {Randolph, Sarah},
 year = {2002},
 title = {Predicting the risk of tick-borne diseases},
 url = {https://www.sciencedirect.com/science/article/pii/S1438422102800029},
 keywords = {climate change;risk maps;satellite imagery;Tick-borne encephalitis},
 pages = {6--10},
 volume = {291},
 issn = {1438-4221},
 journal = {International Journal of Medical Microbiology},
 doi = {10.1016/S1438-4221(02)80002-9}
}


@article{Randolph.2003,
 author = {Randolph, Sarah and Gern, Lisa},
 year = {2003},
 title = {Co-feeding transmission and its contribution to the perpetuation of the Lyme disease spirochete Borrelia afzelii},
 pages = {893-4; author reply 895-6},
 volume = {9},
 number = {7},
 journal = {Emerging infectious diseases},
 doi = {10.3201/eid0907.030116}
}


@article{Randolph.2004,
 author = {Randolph, S. E.},
 year = {2004},
 title = {Tick ecology: processes and patterns behind the epidemiological risk posed by ixodid ticks as vectors},
 keywords = {Adaptation, Physiological;Animals;Arachnid Vectors/physiology;Climate;Environment;Feeding Behavior;Host-Parasite Interactions;Ixodidae/physiology;Population Dynamics;Risk Factors;Seasons;Temperature;Tick Infestations/epidemiology/parasitology;Tick-Borne Diseases/epidemiology/parasitology/transmission},
 pages = {S37-65},
 volume = {129 Suppl},
 issn = {0031-1820},
 journal = {Parasitology},
 doi = {10.1017/s0031182004004925}
}


@article{Reil.2015,
 author = {Reil, Daniela and Imholt, Christian and Eccard, Jana Anja and Jacob, Jens},
 year = {2015},
 title = {Beech Fructification and Bank Vole Population Dynamics--Combined Analyses of Promoters of Human Puumala Virus Infections in Germany},
 pages = {e0134124},
 volume = {10},
 number = {7},
 journal = {PloS one},
 doi = {10.1371/journal.pone.0134124}
}


@article{Ribeiro.2016,
 author = {Ribeiro, S. and Caineta, J. and Costa, A. C.},
 year = {2016},
 title = {Review and discussion of homogenisation methods for climate data},
 url = {https://www.sciencedirect.com/science/article/pii/S1474706515000935},
 keywords = {Data quality;Homogenization;Irregularities;Methods comparison;Trends},
 pages = {167--179},
 volume = {94},
 issn = {1474-7065},
 journal = {Physics and Chemistry of the Earth, Parts A/B/C},
 doi = {10.1016/j.pce.2015.08.007}
}


@inproceedings{Richter.,
 author = {Richter, Katja and Hank, Tobias B. and Atzberger, Clement and Mauser, Wolfram},
 title = {Goodness-of-fit measures: what do they tell about vegetation variable retrieval performance from Earth observation data},
 pages = {81740R},
 publisher = {{International Society for Optics and Photonics}},
 booktitle = {Remote sensing for agriculture, ecosystems, and hydrology XIII}
}


@article{Rizzoli.2014,
 author = {Rizzoli, Annapaola and Silaghi, Cornelia and Obiegala, Anna and Rudolf, Ivo and Hub{\'a}lek, Zden{\v{e}}k and F{\"o}ldv{\'a}ri, G{\'a}bor and Plantard, Olivier and Vayssier-Taussat, Muriel and Bonnet, Sarah and {\v{S}}pitalsk{\'a}, Eva and Kazim{\'i}rov{\'a}, M{\'a}ria},
 year = {2014},
 title = {Ixodes ricinus and Its Transmitted Pathogens in Urban and Peri-Urban Areas in Europe: New Hazards and Relevance for Public Health},
 url = {https://www.frontiersin.org/article/10.3389/fpubh.2014.00251},
 pages = {251},
 volume = {2},
 issn = {2296-2565},
 journal = {Frontiers in Public Health},
 doi = {10.3389/fpubh.2014.00251}
}


@article{Rubel.2014,
 author = {Rubel, Franz and Brugger, Katharina and Monazahian, Masyar and Habedank, Birgit and Dautel, Hans and Leverenz, Sandra and Kahl, Olaf},
 year = {2014},
 title = {The first German map of georeferenced ixodid tick locations},
 pages = {477},
 volume = {7},
 number = {1},
 issn = {1756-3305},
 journal = {Parasites {\&} Vectors},
 doi = {10.1186/s13071-014-0477-7}
}


@article{Rubel.2020,
 author = {Rubel, Franz and Brugger, Katharina},
 year = {2020},
 title = {Tick-borne encephalitis incidence forecasts for Austria, Germany, and Switzerland},
 url = {https://www.sciencedirect.com/science/article/pii/S1877959X19303875},
 keywords = {Beech fructification;Rodents;Scandinavian index},
 pages = {101437},
 volume = {11},
 number = {5},
 issn = {1877-959X},
 journal = {Ticks and Tick-borne Diseases},
 doi = {10.1016/j.ttbdis.2020.101437}
}


@article{Rubel.2021,
 author = {Rubel, Franz and Brugger, Katharina and Chitimia-Dobler, Lidia and Dautel, Hans and Meyer-Kayser, Elisabeth and Kahl, Olaf},
 year = {2021},
 title = {Atlas of ticks (Acari: Argasidae, Ixodidae) in Germany},
 pages = {183--214},
 volume = {84},
 number = {1},
 issn = {1572-9702},
 journal = {Experimental and Applied Acarology},
 doi = {10.1007/s10493-021-00619-1}
}


@article{RuizFons.2010,
 author = {Ruiz-Fons, Francisco and Gilbert, Lucy},
 year = {2010},
 title = {The role of deer as vehicles to move ticks, Ixodes ricinus, between contrasting habitats},
 pages = {1013--1020},
 volume = {40},
 number = {9},
 issn = {0020-7519},
 journal = {International Journal for Parasitology},
 doi = {10.1016/j.ijpara.2010.02.006}
}


@article{RuizFons.2012,
 author = {Ruiz-Fons, Francisco and Fern{\'a}ndez-de-Mera, Isabel G. and Acevedo, Pelayo and Gort{\'a}zar, Christian and de {La Fuente}, Jos{\'e}},
 year = {2012},
 title = {Factors driving the abundance of ixodes ricinus ticks and the prevalence of zoonotic I. ricinus-borne pathogens in natural foci},
 pages = {2669--2676},
 volume = {78},
 number = {8},
 journal = {Applied and environmental microbiology},
 doi = {10.1128/AEM.06564-11}
}


@article{Rummukainen.2016,
 author = {Rummukainen, Markku},
 year = {2016},
 title = {Added value in regional climate modeling},
 pages = {145--159},
 volume = {7},
 number = {1},
 issn = {1757-7780},
 journal = {WIREs Climate Change},
 doi = {10.1002/wcc.378}
}


@article{Ruyts.2016,
 author = {Ruyts, Sanne C. and Ampoorter, Evy and Coipan, Elena C. and Baeten, Lander and Heylen, Dieter and Sprong, Hein and Matthysen, Erik and Verheyen, Kris},
 year = {2016},
 title = {Diversifying forest communities may change Lyme disease risk: extra dimension to the dilution effect in Europe},
 pages = {1310},
 volume = {143},
 number = {10},
 issn = {0031-1820},
 journal = {Parasitology}
}


@article{Ruyts.2018,
 author = {Ruyts, Sanne C. and Tack, Wesley and Ampoorter, Evy and Coipan, Elena C. and Matthysen, Erik and Heylen, Dieter and Sprong, Hein and Verheyen, Kris},
 year = {2018},
 title = {Year-to-year variation in the density of Ixodes ricinus ticks and the prevalence of the rodent-associated human pathogens Borrelia afzelii and B. miyamotoi in different forest types},
 pages = {141--145},
 volume = {9},
 number = {2},
 issn = {1877-959X},
 journal = {Ticks and Tick-borne Diseases},
 doi = {10.1016/j.ttbdis.2017.08.008}
}


@article{Schmidt.2001,
 author = {Schmidt, Kenneth A. and Ostfeld, Richard S.},
 year = {2001},
 title = {BIODIVERSITY AND THE DILUTION EFFECT IN DISEASE ECOLOGY},
 pages = {609--619},
 volume = {82},
 number = {3},
 issn = {00129658},
 journal = {Ecology},
 doi = {10.1890/0012-9658(2001)082[0609:BATDEI]2.0.CO;2}
}


@article{Schotthoefer.2015,
 author = {Schotthoefer, Anna M. and Frost, Holly M.},
 year = {2015},
 title = {Ecology and Epidemiology of Lyme Borreliosis},
 url = {https://www.sciencedirect.com/science/article/pii/S027227121500102X},
 keywords = {Borreliosis;Ecology;epidemiology;Incidence;Lyme disease},
 pages = {723--743},
 volume = {35},
 number = {4},
 issn = {0272-2712},
 journal = {Clinics in Laboratory Medicine},
 doi = {10.1016/j.cll.2015.08.003}
}


@misc{Schulz.2013,
 author = {Schulz, Michaela},
 date = {2013},
 title = {Studies on the seasonal population dynamics of Ixodes ricinus (Ixodidae) in Southern Germany},
 url = {http://nbn-resolving.de/urn:nbn:de:bvb:19-156709},
 institution = {{Ludwig-Maximilians-Universitt Mnchen}}
}


@article{Schulz.2014,
 author = {Schulz, Michaela and Mahling, Monia and Pfister, Kurt},
 year = {2014},
 title = {Abundance and seasonal activity of questing Ixodes ricinus ticks in their natural habitats in southern Germany in 2011},
 keywords = {Climate;Germany;Ixodes ricinus;seasonal activity},
 pages = {56--65},
 volume = {39},
 number = {1},
 issn = {1081-1710},
 journal = {Journal of Vector Ecology},
 doi = {10.1111/j.1948-7134.2014.12070.x}
}


@article{Sheridan.2010,
 author = {Sheridan, Peter and Smith, Samantha and Brown, Andrew and Vosper, Simon},
 year = {2010},
 title = {A simple height-based correction for temperature downscaling in complex terrain},
 pages = {329--339},
 volume = {17},
 number = {3},
 issn = {13504827},
 journal = {Meteorological Applications},
 doi = {10.1002/met.177}
}


@article{Sormunen.2016,
 author = {Sormunen, Jani J. and Klemola, Tero and Vesterinen, Eero J. and Vuorinen, Ilppo and Hyt{\"o}nen, Jukka and H{\"a}nninen, Jari and Ruohom{\"a}ki, Kai and S{\"a}{\"a}ksj{\"a}rvi, Ilari E. and Tonteri, Elina and Penttinen, Ritva},
 year = {2016},
 title = {Assessing the abundance, seasonal questing activity, and Borrelia and tick-borne encephalitis virus (TBEV) prevalence of Ixodes ricinus ticks in a Lyme borreliosis endemic area in Southwest Finland},
 pages = {208--215},
 volume = {7},
 number = {1},
 issn = {1877-959X},
 journal = {Ticks and Tick-borne Diseases},
 doi = {10.1016/j.ttbdis.2015.10.011}
}


@article{Sormunen.2019,
 author = {Sormunen, Jani Jukka and Sippola, Ella and Kaunisto, Kari Mikael and Vesterinen, Eero Juhani and S{\"a}{\"a}ksj{\"a}rvi, Ilari Eerikki},
 year = {2019},
 title = {First evidence of Ixodiphagus hookeri (Hymenoptera: Encyrtidae) parasitization in Finnish castor bean ticks (Ixodes ricinus)},
 pages = {395--404},
 volume = {79},
 number = {3},
 issn = {1572-9702},
 journal = {Experimental and Applied Acarology},
 doi = {10.1007/s10493-019-00437-6}
}


@article{Stark.2009,
 author = {Stark, K. and Niedrig, M. and Biederbick, W. and Merkert, H. and Hacker, J.},
 year = {2009},
 title = {Die Auswirkungen des Klimawandels: Welche neuen Infektionskrankheiten und gesundheitlichen Probleme  sind zu erwarten?},
 pages = {699--714},
 volume = {52},
 number = {7},
 issn = {1437-1588},
 journal = {Bundesgesundheitsblatt - Gesundheitsforschung - Gesundheitsschutz},
 doi = {10.1007/s00103-009-0874-9}
}


@article{Sunday.2012,
 author = {Sunday, Jennifer M. and Bates, Amanda E. and Dulvy, Nicholas K.},
 year = {2012},
 title = {Thermal tolerance and the global redistribution of animals},
 pages = {686--690},
 volume = {2},
 number = {9},
 issn = {1758-6798},
 journal = {Nature Climate Change},
 doi = {10.1038/nclimate1539}
}


@article{Tack.2012,
 author = {Tack, Wesley and Madder, Maxime and Baeten, Lander and Vanhellemont, Margot and Gruwez, Robert and Verheyen, Kris},
 year = {2012},
 title = {Local habitat and landscape affect Ixodes ricinus tick abundances in forests on poor, sandy soils},
 pages = {30--36},
 volume = {265},
 issn = {03781127},
 journal = {Forest Ecology and Management},
 doi = {10.1016/j.foreco.2011.10.028}
}


@article{Tagliapietra.2011,
 author = {Tagliapietra, V. and Ros{\`a}, R. and Arnoldi, D. and Cagnacci, F. and Capelli, G. and Montarsi, F. and Hauffe, H. C. and Rizzoli, A.},
 year = {2011},
 title = {Saturation deficit and deer density affect questing activity and local abundance of Ixodes ricinus (Acari, Ixodidae) in Italy},
 pages = {114--124},
 volume = {183},
 number = {1-2},
 issn = {0304-4017},
 journal = {Veterinary Parasitology},
 doi = {10.1016/j.vetpar.2011.07.022}
}


@book{Takken.2007,
 author = {Takken, Willem and Knols, Bart G. J.},
 year = {2007},
 title = {Emerging pests and vector-borne diseases in Europe},
 volume = {1},
 publisher = {{Wageningen Academic Publishers}},
 isbn = {9086866263}
}


@article{Tapiador.2020,
 author = {Tapiador, Francisco J. and Navarro, Andr{\'e}s and Moreno, Ra{\'u}l and S{\'a}nchez, Jos{\'e} Luis and Garc{\'i}a-Ortega, Eduardo},
 year = {2020},
 title = {Regional climate models: 30 years of dynamical downscaling},
 url = {https://www.sciencedirect.com/science/article/pii/S0169809519308403},
 pages = {104785},
 volume = {235},
 issn = {0169-8095},
 journal = {Atmospheric Research},
 doi = {10.1016/j.atmosres.2019.104785}
}


@article{Terraube.2019,
 author = {Terraube, Julien},
 year = {2019},
 title = {Can Protected Areas Mitigate Lyme Disease Risk in Fennoscandia?},
 pages = {184--190},
 volume = {16},
 number = {2},
 issn = {1612-9202},
 journal = {EcoHealth},
 doi = {10.1007/s10393-019-01408-4}
}


@article{Teutschbein.2012,
 author = {Teutschbein, Claudia and Seibert, Jan},
 year = {2012},
 title = {Bias correction of regional climate model simulations for hydrological climate-change impact studies: Review and evaluation of different methods},
 url = {https://www.sciencedirect.com/science/article/pii/S0022169412004556},
 keywords = {Bias correction;Downscaling;HBV;Hydrology;RCM;Streamflow},
 pages = {12--29},
 volume = {456-457},
 issn = {0022-1694},
 journal = {Journal of Hydrology},
 doi = {10.1016/j.jhydrol.2012.05.052}
}


@article{Tkadlec.2019,
 author = {Tkadlec, Emil and V{\'a}clav{\'i}k, Tom{\'a}{\v{s}} and {\v{S}}irok{\'y}, Pavel},
 year = {2019},
 title = {Rodent Host Abundance and Climate Variability as Predictors of Tickborne Disease Risk 1 Year in Advance},
 pages = {1738--1741},
 volume = {25},
 number = {9},
 journal = {Emerging infectious diseases},
 doi = {10.3201/eid2509.190684}
}


@article{vanDuijvendijk.2015,
 author = {{van Duijvendijk}, Gilian and Sprong, Hein and Takken, Willem},
 year = {2015},
 title = {Multi-trophic interactions driving the transmission cycle of Borrelia afzelii between Ixodes ricinus and rodents: a review},
 pages = {643},
 volume = {8},
 number = {1},
 issn = {1756-3305},
 journal = {Parasites {\&} Vectors},
 doi = {10.1186/s13071-015-1257-8}
}


@article{vanDuijvendijk.2016,
 author = {{van Duijvendijk}, Gilian and Coipan, Claudia and Wagemakers, Alex and Fonville, Manoj and Ers{\"o}z, Jasmin and Oei, Anneke and F{\"o}ldv{\'a}ri, G{\'a}bor and Hovius, Joppe and Takken, Willem and Sprong, Hein},
 year = {2016},
 title = {Larvae of Ixodes ricinus transmit Borrelia afzelii and B. miyamotoi to vertebrate hosts},
 pages = {97},
 volume = {9},
 issn = {1756-3305},
 journal = {Parasites {\&} Vectors},
 doi = {10.1186/s13071-016-1389-5}
}


@article{Vassallo.2000,
 author = {Vassallo, M. and Paul, R.E.L. and P{\'e}rez-Eid, C.},
 year = {2000},
 title = {Temporal Distribution of the Annual Nymphal Stock of Ixodes Ricinus Ticks},
 pages = {941--949},
 volume = {24},
 number = {12},
 issn = {1572-9702},
 journal = {Experimental and Applied Acarology},
 doi = {10.1023/A:1010669003887}
}


@article{Vechtova.2020,
 author = {Vechtova, Pavlina and Fussy, Zoltan and Cegan, Radim and Sterba, Jan and Erhart, Jan and Benes, Vladimir and Grubhoffer, Libor},
 year = {2020},
 title = {Catalogue of stage-specific transcripts in Ixodes ricinus and their potential functions during the tick life-cycle},
 pages = {311},
 volume = {13},
 number = {1},
 issn = {1756-3305},
 journal = {Parasites {\&} Vectors},
 doi = {10.1186/s13071-020-04173-4}
}


@article{Vogelgesang.2020,
 author = {Vogelgesang, Janna R. and Walter, Melanie and Kahl, Olaf and Rubel, Franz and Brugger, Katharina},
 year = {2020},
 title = {Long-term monitoring of the seasonal density of questing ixodid ticks in Vienna (Austria): setup and first results},
 pages = {409--420},
 volume = {81},
 number = {3},
 issn = {1572-9702},
 journal = {Experimental and Applied Acarology},
 doi = {10.1007/s10493-020-00511-4}
}


@article{Vollack.2017,
 author = {Vollack, Ken and Sodoudi, Sahar and N{\'e}vir, Peter and M{\"u}ller, Klaus and Richter, Dania},
 year = {2017},
 title = {Influence of meteorological parameters during the preceding fall and winter on the questing activity of nymphal Ixodes ricinus ticks},
 pages = {1787--1795},
 volume = {61},
 number = {10},
 issn = {1432-1254},
 journal = {International Journal of Biometeorology},
 doi = {10.1007/s00484-017-1362-9}
}


@article{VOORDOUW.2015,
 author = {VOORDOUW, MAARTEN J.},
 year = {2015},
 title = {Co-feeding transmission in Lyme disease pathogens},
 url = {https://www.cambridge.org/core/article/cofeeding-transmission-in-lyme-disease-pathogens/A3F9E0388067F8399660EB495125A5B6},
 keywords = {Borrelia burgdorferi;co-feeding transmission;epidemiology;saliva-assisted transmission;tick-borne pathogens},
 pages = {290--302},
 volume = {142},
 number = {2},
 issn = {0031-1820},
 journal = {Parasitology},
 doi = {10.1017/S0031182014001486}
}


@article{Walker.2001,
 author = {Walker, A. R.},
 year = {2001},
 title = {Age structure of a population of Ixodes ricinus (Acari: Ixodidae) in relation to its seasonal questing},
 url = {https://www.cambridge.org/core/article/age-structure-of-a-population-of-ixodes-ricinus-acari-ixodidae-in-relation-to-its-seasonal-questing/68034B647CC68323BC8BC53A906CB8AE},
 pages = {69--78},
 volume = {91},
 number = {1},
 issn = {0007-4853},
 journal = {Bulletin of Entomological Research},
 doi = {10.1079/BER200065}
}


@article{Wang.2012,
 author = {Wang, Hsiao-Hsuan and Grant, W. E. and Teel, P. D.},
 year = {2012},
 title = {Simulation of climate--host--parasite--landscape interactions: A spatially explicit model for ticks (Acari: Ixodidae)},
 url = {https://www.sciencedirect.com/science/article/pii/S0304380012002797},
 keywords = {Agent-based models;Disease vectors;Greenbelts;Population Dynamics;Spatial-temporal dynamics;Stage-structured models;ticks},
 pages = {42--62},
 volume = {243},
 issn = {0304-3800},
 journal = {Ecological Modelling},
 doi = {10.1016/j.ecolmodel.2012.06.007}
}


@article{Williams.2008,
 author = {Williams, Stephen E. and Shoo, Luke P. and Isaac, Joanne L. and Hoffmann, Ary A. and Langham, Gary},
 year = {2008},
 title = {Towards an Integrated Framework for Assessing the Vulnerability of Species to Climate Change},
 pages = {e325},
 volume = {6},
 number = {12},
 journal = {PLOS Biology},
 doi = {10.1371/journal.pbio.0060325}
}


@article{Wolfel.2006,
 author = {W{\"o}lfel, R. and Terzioglu, R. and Kiessling, J. and Wilhelm, S. and Essbauer, S. and Pfeffer, M. and Dobler, G.},
 year = {2006},
 title = {Rickettsia spp. in Ixodes ricinus ticks in Bavaria, Germany},
 pages = {509--511},
 volume = {1078},
 number = {1},
 issn = {00778923},
 journal = {Annals of the New York Academy of Sciences}
}


@article{Zurell.2016,
 author = {Zurell, Damaris and Thuiller, Wilfried and Pagel, J{\"o}rn and Cabral, Juliano S. and M{\"u}nkem{\"u}ller, Tamara and Gravel, Dominique and Dullinger, Stefan and Normand, Signe and Schiffers, Katja H. and Moore, Kara A. and Zimmermann, Niklaus E.},
 year = {2016},
 title = {Benchmarking novel approaches for modelling species range dynamics},
 keywords = {climate change;demographic models;dispersal;population viability;prediction;simulated data;species distribution models;virtual ecologist approach},
 pages = {2651--2664},
 volume = {22},
 number = {8},
 issn = {1354-1013},
 journal = {Global Change Biology},
 doi = {10.1111/gcb.13251}
}


